,day,timestamp,product,bid_price_1,bid_volume_1,bid_price_2,bid_volume_2,bid_price_3,bid_volume_3,ask_price_1,ask_volume_1,ask_price_2,ask_volume_2,ask_price_3,ask_volume_3,mid_price,profit_and_loss,log_returns,t_exp,vol_est
0,1,0,COCONUT,9999.0,200,,0,,0,10001.0,200,,0,,0,10000.0,0.0,,1.0,
2,1,100,COCONUT,9999.0,104,9998.0,44,,0,10000.0,104,10001.0,44,,0,9999.5,0.0,-5.000125004166272e-05,0.9999996,
4,1,200,COCONUT,9998.0,133,9997.0,62,,0,9999.0,133,10000.0,62,,0,9998.5,0.0,-0.00010001000108342667,0.9999992,
7,1,300,COCONUT,9999.0,149,9998.0,51,,0,10000.0,149,10001.0,51,,0,9999.5,0.0,0.0001000100010834407,0.9999988,
8,1,400,COCONUT,9998.0,108,9997.0,63,,0,9999.0,103,10000.0,63,,0,9998.5,0.0,-0.00010001000108342667,0.9999984,
10,1,500,COCONUT,9996.0,114,9995.0,42,,0,9997.0,114,9998.0,42,,0,9996.5,0.0,-0.00020005001317025738,0.999998,
12,1,600,COCONUT,9996.0,206,,0,,0,9998.0,141,9999.0,65,,0,9997.0,0.0,5.0016255293347284e-05,0.9999976,
15,1,700,COCONUT,9997.0,125,9996.0,65,,0,9999.0,190,,0,,0,9998.0,0.0,0.00010002500633486313,0.9999972,
16,1,800,COCONUT,9996.0,162,,0,,0,9998.0,119,9999.0,43,,0,9997.0,0.0,-0.00010002500633493674,0.9999968,
18,1,900,COCONUT,9996.0,116,9995.0,72,,0,9997.0,116,9998.0,72,,0,9996.5,0.0,-5.001625529334597e-05,0.9999964,
20,1,1000,COCONUT,9999.0,103,9998.0,75,,0,10000.0,103,10001.0,75,,0,9999.5,0.0,0.00030006001425369403,0.999996,
23,1,1100,COCONUT,9997.0,158,,0,,0,9999.0,105,10000.0,53,,0,9998.0,0.0,-0.00015001875262535098,0.9999956,
24,1,1200,COCONUT,9997.0,116,9996.0,59,,0,9998.0,116,9999.0,59,,0,9997.5,0.0,-5.001125254228787e-05,0.9999952,
26,1,1300,COCONUT,9998.0,112,9997.0,52,,0,10000.0,164,,0,,0,9999.0,0.0,0.00015002625487586178,0.9999948000000001,
28,1,1400,COCONUT,9999.0,116,9998.0,78,,0,10000.0,116,10001.0,78,,0,9999.5,0.0,5.000375029175968e-05,0.9999944000000001,
31,1,1500,COCONUT,10001.0,104,10000.0,74,,0,10002.0,104,10003.0,74,,0,10001.5,0.0,0.00019999000116647833,0.999994,
32,1,1600,COCONUT,10001.0,172,,0,,0,10003.0,130,10004.0,42,,0,10002.0,0.0,4.999125154136902e-05,0.9999936,
34,1,1700,COCONUT,10001.0,107,10000.0,69,,0,10002.0,107,10003.0,69,,0,10001.5,0.0,-4.999125154136013e-05,0.9999932,
36,1,1800,COCONUT,10001.0,116,10000.0,67,,0,10003.0,175,,0,,0,10002.0,0.0,4.999125154136902e-05,0.9999928,
39,1,1900,COCONUT,10000.0,219,,0,,0,10002.0,141,10003.0,78,,0,10001.0,0.0,-9.998500233300313e-05,0.9999924,
40,1,2000,COCONUT,10001.0,198,,0,,0,10003.0,143,10004.0,55,,0,10002.0,0.0,9.9985002332975e-05,0.999992,
42,1,2100,COCONUT,10002.0,148,10001.0,57,,0,10003.0,148,10004.0,57,,0,10002.5,0.0,4.998875254116811e-05,0.9999916,
44,1,2200,COCONUT,10001.0,140,10000.0,62,,0,10002.0,140,10003.0,62,,0,10001.5,0.0,-9.998000408252173e-05,0.9999912000000001,
47,1,2300,COCONUT,10001.0,114,10000.0,40,,0,10003.0,154,,0,,0,10002.0,0.0,4.999125154136902e-05,0.9999908000000001,
48,1,2400,COCONUT,10000.0,105,9999.0,53,,0,10002.0,158,,0,,0,10001.0,0.0,-9.998500233300313e-05,0.9999904000000001,
50,1,2500,COCONUT,10000.0,190,,0,,0,10002.0,131,10003.0,59,,0,10001.0,0.0,0.0,0.99999,
52,1,2600,COCONUT,10000.0,126,9999.0,77,,0,10001.0,126,10002.0,77,,0,10000.5,0.0,-4.9996250291651534e-05,0.9999896,
55,1,2700,COCONUT,10000.0,105,9999.0,41,,0,10002.0,146,,0,,0,10001.0,0.0,4.999625029155926e-05,0.9999892,
56,1,2800,COCONUT,9998.0,143,9997.0,41,,0,9999.0,143,10000.0,41,,0,9998.5,0.0,-0.00025000625145847643,0.9999888,
58,1,2900,COCONUT,9998.0,106,9997.0,46,,0,10000.0,152,,0,,0,9999.0,0.0,5.000625079175942e-05,0.9999884,
60,1,3000,COCONUT,9997.0,134,9996.0,54,,0,9998.0,134,9999.0,54,,0,9997.5,0.0,-0.00015002625487593843,0.9999880000000001,
63,1,3100,COCONUT,9998.0,123,9997.0,41,,0,9999.0,123,10000.0,41,,0,9998.5,0.0,0.00010002000408412354,0.9999876000000001,
65,1,3200,COCONUT,9997.0,100,9996.0,73,,0,9998.0,100,9999.0,73,,0,9997.5,0.0,-0.00010002000408416586,0.9999872000000001,
66,1,3300,COCONUT,9996.0,129,9995.0,62,,0,9998.0,191,,0,,0,9997.0,0.0,-5.00137537926854e-05,0.9999868000000001,
69,1,3400,COCONUT,9995.0,207,,0,,0,9997.0,142,9998.0,65,,0,9996.0,0.0,-0.00010003501233772528,0.9999864,
71,1,3500,COCONUT,9996.0,105,9995.0,73,,0,9997.0,105,9998.0,73,,0,9996.5,0.0,5.001875704425249e-05,0.999986,
73,1,3600,COCONUT,9997.0,121,9996.0,65,,0,9998.0,121,9999.0,65,,0,9997.5,0.0,0.00010003000908601618,0.9999856,
74,1,3700,COCONUT,9997.0,128,9996.0,63,,0,9998.0,128,9999.0,63,,0,9997.5,0.0,0.0,0.9999852,
77,1,3800,COCONUT,9997.0,100,9996.0,60,,0,9998.0,100,9999.0,60,,0,9997.5,0.0,0.0,0.9999847999999999,
79,1,3900,COCONUT,9997.0,119,9996.0,79,,0,9998.0,119,9999.0,79,,0,9997.5,0.0,0.0,0.9999844,
81,1,4000,COCONUT,9997.0,146,9996.0,52,,0,9998.0,146,9999.0,52,,0,9997.5,0.0,0.0,0.999984,
82,1,4100,COCONUT,9997.0,143,9996.0,67,,0,9998.0,143,9999.0,67,,0,9997.5,0.0,0.0,0.9999836,
85,1,4200,COCONUT,9996.0,140,9995.0,51,,0,9998.0,191,,0,,0,9997.0,0.0,-5.00137537926854e-05,0.9999832,
87,1,4300,COCONUT,9996.0,138,9995.0,76,,0,9998.0,214,,0,,0,9997.0,0.0,0.0,0.9999828,
89,1,4400,COCONUT,9998.0,141,9997.0,44,,0,9999.0,141,10000.0,44,,0,9998.5,0.0,0.00015003375787697748,0.9999823999999999,
90,1,4500,COCONUT,9999.0,136,9998.0,78,,0,10000.0,136,10001.0,78,,0,9999.5,0.0,0.0001000100010834407,0.9999819999999999,
93,1,4600,COCONUT,9997.0,112,9996.0,70,,0,9998.0,112,9999.0,70,,0,9997.5,0.0,-0.00020003000516768954,0.9999815999999999,
95,1,4700,COCONUT,9997.0,133,9996.0,66,,0,9998.0,133,9999.0,66,,0,9997.5,0.0,0.0,0.9999811999999999,
97,1,4800,COCONUT,9997.0,112,9996.0,67,,0,9998.0,112,9999.0,67,,0,9997.5,0.0,0.0,0.9999808,
98,1,4900,COCONUT,9996.0,187,,0,,0,9998.0,122,9999.0,65,,0,9997.0,0.0,-5.00137537926854e-05,0.9999804,
101,1,5000,COCONUT,9996.0,129,9995.0,62,,0,9997.0,129,9998.0,62,,0,9996.5,0.0,-5.001625529334597e-05,0.99998,
103,1,5100,COCONUT,9996.0,128,9995.0,42,,0,9997.0,128,9998.0,42,,0,9996.5,0.0,0.0,0.9999796,
105,1,5200,COCONUT,9997.0,99,9996.0,64,,0,9998.0,107,9999.0,64,,0,9997.5,0.0,0.00010003000908601618,0.9999792,
106,1,5300,COCONUT,9998.0,131,9997.0,69,,0,9999.0,131,10000.0,69,,0,9998.5,0.0,0.00010002000408412354,0.9999788,
109,1,5400,COCONUT,9998.0,119,9997.0,51,,0,9999.0,119,10000.0,51,,0,9998.5,0.0,0.0,0.9999783999999999,
111,1,5500,COCONUT,9999.0,147,9998.0,49,,0,10000.0,147,10001.0,49,,0,9999.5,0.0,0.0001000100010834407,0.9999779999999999,
113,1,5600,COCONUT,9999.0,111,9998.0,58,,0,10000.0,111,10001.0,58,,0,9999.5,0.0,0.0,0.9999776,
114,1,5700,COCONUT,9999.0,127,9998.0,69,,0,10001.0,189,,0,,0,10000.0,0.0,5.000125004176341e-05,0.9999772,
117,1,5800,COCONUT,9999.0,135,9998.0,58,,0,10000.0,135,10001.0,58,,0,9999.5,0.0,-5.000125004166272e-05,0.9999768,
119,1,5900,COCONUT,9997.0,168,,0,,0,9999.0,107,10000.0,61,,0,9998.0,0.0,-0.00015001875262535098,0.9999764,
121,1,6000,COCONUT,9997.0,125,9996.0,48,,0,9998.0,125,9999.0,48,,0,9997.5,0.0,-5.001125254228787e-05,0.999976,
122,1,6100,COCONUT,9997.0,120,9996.0,42,,0,9999.0,162,,0,,0,9998.0,0.0,5.0011252542213364e-05,0.9999756,
125,1,6200,COCONUT,9998.0,190,,0,,0,10000.0,121,10001.0,69,,0,9999.0,0.0,0.0001000150023337974,0.9999752,
127,1,6300,COCONUT,9999.0,142,9998.0,63,,0,10000.0,142,10001.0,63,,0,9999.5,0.0,5.000375029175968e-05,0.9999747999999999,
129,1,6400,COCONUT,10001.0,102,10000.0,60,,0,10002.0,102,10003.0,60,,0,10001.5,0.0,0.00019999000116647833,0.9999743999999999,
130,1,6500,COCONUT,10002.0,148,10001.0,45,,0,10003.0,148,10004.0,45,,0,10002.5,0.0,9.998000408243501e-05,0.999974,
133,1,6600,COCONUT,10002.0,121,10001.0,67,,0,10003.0,121,10004.0,67,,0,10002.5,0.0,0.0,0.9999736,
135,1,6700,COCONUT,10002.0,7,10001.0,181,,0,10003.0,127,10004.0,54,,0,10002.5,0.0,0.0,0.9999732,
137,1,6800,COCONUT,10004.0,115,10003.0,58,,0,10005.0,115,10006.0,58,,0,10004.5,0.0,0.00019993002515747158,0.9999728,
138,1,6900,COCONUT,10003.0,157,,0,,0,10005.0,105,10006.0,52,,0,10004.0,0.0,-4.997875903785119e-05,0.9999724,
141,1,7000,COCONUT,10002.0,173,,0,,0,10004.0,120,10005.0,53,,0,10003.0,0.0,-9.996501232890719e-05,0.999972,
143,1,7100,COCONUT,10003.0,101,10002.0,56,,0,10004.0,101,10005.0,56,,0,10003.5,0.0,4.9983755289888594e-05,0.9999716,
145,1,7200,COCONUT,10002.0,115,10001.0,41,,0,10004.0,156,,0,,0,10003.0,0.0,-4.998375528995348e-05,0.9999712,
146,1,7300,COCONUT,10003.0,100,10002.0,68,,0,10004.0,100,10005.0,68,,0,10003.5,0.0,4.9983755289888594e-05,0.9999708,
149,1,7400,COCONUT,10001.0,203,,0,,0,10003.0,127,10004.0,76,,0,10002.0,0.0,-0.00014995876162168784,0.9999704,
151,1,7500,COCONUT,10002.0,183,,0,,0,10004.0,113,10005.0,70,,0,10003.0,0.0,9.997500633164248e-05,0.99997,
153,1,7600,COCONUT,10003.0,205,,0,,0,10004.0,7,10005.0,141,10006.0,64,10003.5,0.0,4.9983755289888594e-05,0.9999696,
155,1,7700,COCONUT,10003.0,103,10002.0,60,,0,10004.0,103,10005.0,60,,0,10003.5,0.0,0.0,0.9999692,
156,1,7800,COCONUT,10002.0,125,10001.0,73,,0,10003.0,125,10004.0,73,,0,10002.5,0.0,-9.99700090805848e-05,0.9999688,
159,1,7900,COCONUT,10002.0,140,10001.0,51,,0,10004.0,191,,0,,0,10003.0,0.0,4.998625379052661e-05,0.9999684,
161,1,8000,COCONUT,10003.0,208,,0,,0,10005.0,131,10006.0,77,,0,10004.0,0.0,9.996501232885576e-05,0.999968,
163,1,8100,COCONUT,10003.0,112,10002.0,44,,0,10004.0,112,10005.0,44,,0,10003.5,0.0,-4.998125703904839e-05,0.9999676,
164,1,8200,COCONUT,10003.0,139,10002.0,78,,0,10004.0,139,10005.0,78,,0,10003.5,0.0,0.0,0.9999672000000001,
166,1,8300,COCONUT,10004.0,106,10003.0,46,,0,10005.0,106,10006.0,46,,0,10004.5,0.0,9.996001607686159e-05,0.9999668,
168,1,8400,COCONUT,10004.0,165,,0,,0,10006.0,117,10007.0,48,,0,10005.0,0.0,4.997626128621921e-05,0.9999664,
171,1,8500,COCONUT,10004.0,206,,0,,0,10006.0,127,10007.0,79,,0,10005.0,0.0,0.0,0.999966,
172,1,8600,COCONUT,10005.0,144,10004.0,52,,0,10006.0,144,10007.0,52,,0,10005.5,0.0,4.997376378448498e-05,0.9999656,
174,1,8700,COCONUT,10005.0,124,10004.0,43,,0,10006.0,124,10007.0,43,,0,10005.5,0.0,0.0,0.9999652,
176,1,8800,COCONUT,10004.0,224,,0,,0,10006.0,149,10007.0,75,,0,10005.0,0.0,-4.997376378446938e-05,0.9999648,
179,1,8900,COCONUT,10004.0,191,,0,,0,10005.0,6,10006.0,121,10007.0,70,10004.5,0.0,-4.997626128625083e-05,0.9999644,
180,1,9000,COCONUT,10002.0,111,10001.0,47,,0,10003.0,111,10004.0,47,,0,10002.5,0.0,-0.0001999300251574219,0.9999640000000001,
182,1,9100,COCONUT,10002.0,139,10001.0,54,,0,10003.0,139,10004.0,54,,0,10002.5,0.0,0.0,0.9999636000000001,
184,1,9200,COCONUT,10003.0,139,10002.0,66,,0,10004.0,139,10005.0,66,,0,10003.5,0.0,9.99700090805974e-05,0.9999632,
187,1,9300,COCONUT,10003.0,197,,0,,0,10005.0,133,10006.0,64,,0,10004.0,0.0,4.9981257039032035e-05,0.9999628,
188,1,9400,COCONUT,10003.0,107,10002.0,72,,0,10004.0,101,10005.0,72,,0,10003.5,0.0,-4.998125703904839e-05,0.9999624,
190,1,9500,COCONUT,10005.0,148,10004.0,42,,0,10006.0,148,10007.0,42,,0,10005.5,0.0,0.0001999100411476019,0.999962,
192,1,9600,COCONUT,10006.0,127,10005.0,61,,0,10007.0,127,10008.0,61,,0,10006.5,0.0,9.994003606169738e-05,0.9999616,
195,1,9700,COCONUT,10005.0,120,10004.0,43,,0,10007.0,163,,0,,0,10006.0,0.0,-4.996876952947495e-05,0.9999612,
196,1,9800,COCONUT,10005.0,137,10004.0,77,,0,10007.0,214,,0,,0,10006.0,0.0,0.0,0.9999608,
198,1,9900,COCONUT,10005.0,102,10004.0,58,,0,10006.0,102,10007.0,58,,0,10005.5,0.0,-4.9971266532173746e-05,0.9999604000000001,
200,1,10000,COCONUT,10004.0,106,10003.0,53,,0,10005.0,106,10006.0,53,,0,10004.5,0.0,-9.99500250707046e-05,0.9999600000000001,
203,1,10100,COCONUT,10005.0,118,10004.0,72,,0,10006.0,118,10007.0,72,,0,10005.5,0.0,9.995002507078357e-05,0.9999596000000001,
204,1,10200,COCONUT,10006.0,124,10005.0,77,,0,10007.0,124,10008.0,77,,0,10006.5,0.0,9.994003606169738e-05,0.9999592,
206,1,10300,COCONUT,10005.0,101,10004.0,62,,0,10007.0,163,,0,,0,10006.0,0.0,-4.996876952947495e-05,0.9999588,
208,1,10400,COCONUT,10005.0,101,10004.0,63,,0,10007.0,164,,0,,0,10006.0,0.0,0.0,0.9999584,
211,1,10500,COCONUT,10006.0,133,10005.0,45,,0,10007.0,133,10008.0,45,,0,10006.5,0.0,4.9968769529472784e-05,0.999958,
212,1,10600,COCONUT,10005.0,142,10004.0,59,,0,10007.0,193,,0,,0,10006.0,0.0,-4.996876952947495e-05,0.9999576,
214,1,10700,COCONUT,10006.0,149,10005.0,44,,0,10008.0,193,,0,,0,10007.0,0.0,9.993504230577645e-05,0.9999572,
216,1,10800,COCONUT,10007.0,106,10006.0,46,,0,10008.0,106,10009.0,46,,0,10007.5,0.0,4.9963776272698305e-05,0.9999568000000001,
219,1,10900,COCONUT,10007.0,140,10006.0,65,,0,10008.0,150,10009.0,65,,0,10007.5,0.0,0.0,0.9999564000000001,
220,1,11000,COCONUT,10005.0,162,,0,,0,10007.0,107,10008.0,55,,0,10006.0,0.0,-0.00014989881857834498,0.9999560000000001,
222,1,11100,COCONUT,10007.0,130,10006.0,74,,0,10008.0,130,10009.0,74,,0,10007.5,0.0,0.0001498988185784054,0.9999556000000001,
224,1,11200,COCONUT,10004.0,204,,0,,0,10006.0,148,10007.0,56,,0,10005.0,0.0,-0.0002498438488948854,0.9999552,
227,1,11300,COCONUT,10004.0,181,,0,,0,10006.0,119,10007.0,62,,0,10005.0,0.0,0.0,0.9999548,
228,1,11400,COCONUT,10005.0,209,,0,,0,10007.0,145,10008.0,64,,0,10006.0,0.0,9.994503031647773e-05,0.9999543999999999,
230,1,11500,COCONUT,10005.0,209,,0,,0,10007.0,144,10008.0,65,,0,10006.0,0.0,0.0,0.9999539999999999,
232,1,11600,COCONUT,10005.0,117,10004.0,62,,0,10006.0,117,10007.0,62,,0,10005.5,0.0,-4.9971266532173746e-05,0.9999536,
235,1,11700,COCONUT,10004.0,145,10003.0,45,,0,10006.0,190,,0,,0,10005.0,0.0,-4.997376378446938e-05,0.9999532,
236,1,11800,COCONUT,10003.0,130,10002.0,61,,0,10004.0,130,10005.0,61,,0,10003.5,0.0,-0.0001499362773631079,0.9999528,
238,1,11900,COCONUT,10004.0,102,10003.0,75,,0,10006.0,177,,0,,0,10005.0,0.0,0.00014993627736317017,0.9999524,
241,1,12000,COCONUT,10005.0,134,10004.0,73,,0,10006.0,134,10007.0,73,,0,10005.5,0.0,4.997376378448498e-05,0.999952,
243,1,12100,COCONUT,10004.0,101,10003.0,66,,0,10005.0,101,10006.0,66,,0,10004.5,0.0,-9.99500250707046e-05,0.9999515999999999,
245,1,12200,COCONUT,10005.0,159,,0,,0,10007.0,113,10008.0,46,,0,10006.0,0.0,0.00014992129160285573,0.9999511999999999,
246,1,12300,COCONUT,10005.0,131,10004.0,63,,0,10006.0,131,10007.0,63,,0,10005.5,0.0,-4.9971266532173746e-05,0.9999507999999999,
249,1,12400,COCONUT,10005.0,194,,0,,0,10007.0,119,10008.0,75,,0,10006.0,0.0,4.9971266532088155e-05,0.9999503999999999,
251,1,12500,COCONUT,10003.0,173,,0,,0,10005.0,104,10006.0,69,,0,10004.0,0.0,-0.00019990005064066926,0.99995,
253,1,12600,COCONUT,10003.0,226,,0,,0,10005.0,149,10006.0,77,,0,10004.0,0.0,0.0,0.9999496,
254,1,12700,COCONUT,10004.0,143,10003.0,76,,0,10006.0,219,,0,,0,10005.0,0.0,9.995502032417085e-05,0.9999492,
257,1,12800,COCONUT,10004.0,119,10003.0,65,,0,10006.0,184,,0,,0,10005.0,0.0,0.0,0.9999488,
259,1,12900,COCONUT,10003.0,173,,0,,0,10005.0,104,10006.0,69,,0,10004.0,0.0,-9.995502032413365e-05,0.9999484,
261,1,13000,COCONUT,10004.0,157,,0,,0,10006.0,117,10007.0,40,,0,10005.0,0.0,9.995502032417085e-05,0.999948,
262,1,13100,COCONUT,10004.0,5,10003.0,185,,0,10005.0,136,10006.0,49,,0,10004.5,0.0,-4.997626128625083e-05,0.9999475999999999,
265,1,13200,COCONUT,10005.0,103,10004.0,42,,0,10006.0,103,10007.0,42,,0,10005.5,0.0,9.995002507078357e-05,0.9999471999999999,
267,1,13300,COCONUT,10004.0,166,,0,,0,10006.0,116,10007.0,50,,0,10005.0,0.0,-4.997376378446938e-05,0.9999468,
269,1,13400,COCONUT,10004.0,171,,0,,0,10006.0,118,10007.0,53,,0,10005.0,0.0,0.0,0.9999464,
270,1,13500,COCONUT,10005.0,129,10004.0,63,,0,10006.0,129,10007.0,63,,0,10005.5,0.0,4.997376378448498e-05,0.999946,
273,1,13600,COCONUT,10005.0,121,10004.0,40,,0,10007.0,161,,0,,0,10006.0,0.0,4.9971266532088155e-05,0.9999456,
275,1,13700,COCONUT,10007.0,101,10006.0,52,,0,10009.0,153,,0,,0,10008.0,0.0,0.00019986009859681672,0.9999452,
277,1,13800,COCONUT,10007.0,198,,0,,0,10009.0,130,10010.0,68,,0,10008.0,0.0,0.0,0.9999448,
278,1,13900,COCONUT,10006.0,120,10005.0,53,,0,10007.0,120,10008.0,53,,0,10006.5,0.0,-0.00014989132906732344,0.9999444,
281,1,14000,COCONUT,10006.0,138,10005.0,73,,0,10008.0,211,,0,,0,10007.0,0.0,4.996627277619481e-05,0.9999439999999999,
283,1,14100,COCONUT,10005.0,121,10004.0,48,,0,10007.0,169,,0,,0,10006.0,0.0,-9.993504230569307e-05,0.9999435999999999,
285,1,14200,COCONUT,10005.0,103,10004.0,40,,0,10006.0,103,10007.0,40,,0,10005.5,0.0,-4.9971266532173746e-05,0.9999432,
286,1,14300,COCONUT,10004.0,189,,0,,0,10006.0,140,10007.0,49,,0,10005.0,0.0,-4.997376378446938e-05,0.9999428,
289,1,14400,COCONUT,10004.0,193,,0,,0,10005.0,9,10006.0,129,10007.0,64,10004.5,0.0,-4.997626128625083e-05,0.9999424,
291,1,14500,COCONUT,10006.0,130,10005.0,62,,0,10007.0,130,10008.0,62,,0,10006.5,0.0,0.0001998900611322269,0.999942,
293,1,14600,COCONUT,10006.0,114,10005.0,53,,0,10007.0,114,10008.0,53,,0,10006.5,0.0,0.0,0.9999416,
294,1,14700,COCONUT,10005.0,111,10004.0,49,,0,10007.0,160,,0,,0,10006.0,0.0,-4.996876952947495e-05,0.9999412,
297,1,14800,COCONUT,10004.0,177,,0,,0,10006.0,107,10007.0,70,,0,10005.0,0.0,-9.99450303166177e-05,0.9999408,
299,1,14900,COCONUT,10004.0,121,10003.0,47,,0,10005.0,131,10006.0,47,,0,10004.5,0.0,-4.997626128625083e-05,0.9999404,
301,1,15000,COCONUT,10003.0,118,10002.0,61,,0,10005.0,179,,0,,0,10004.0,0.0,-4.997875903785119e-05,0.99994,
302,1,15100,COCONUT,10003.0,178,,0,,0,10005.0,106,10006.0,72,,0,10004.0,0.0,0.0,0.9999396,
305,1,15200,COCONUT,10003.0,187,,0,,0,10005.0,109,10006.0,78,,0,10004.0,0.0,0.0,0.9999392,
307,1,15300,COCONUT,10004.0,100,10003.0,75,,0,10006.0,175,,0,,0,10005.0,0.0,9.995502032417085e-05,0.9999388,
309,1,15400,COCONUT,10002.0,116,10001.0,54,,0,10003.0,116,10004.0,54,,0,10002.5,0.0,-0.0002499062864436882,0.9999384,
310,1,15500,COCONUT,10003.0,119,10002.0,65,,0,10004.0,119,10005.0,65,,0,10003.5,0.0,9.99700090805974e-05,0.999938,
313,1,15600,COCONUT,10003.0,157,,0,,0,10005.0,103,10006.0,54,,0,10004.0,0.0,4.9981257039032035e-05,0.9999376,
315,1,15700,COCONUT,10001.0,134,10000.0,56,,0,10002.0,134,10003.0,56,,0,10001.5,0.0,-0.00024993127020209676,0.9999372,
317,1,15800,COCONUT,10002.0,107,10001.0,56,,0,10004.0,163,,0,,0,10003.0,0.0,0.0001499662578730293,0.9999368,
318,1,15900,COCONUT,10002.0,133,10001.0,53,,0,10004.0,186,,0,,0,10003.0,0.0,0.0,0.9999364000000001,
321,1,16000,COCONUT,10001.0,105,10000.0,46,,0,10002.0,113,10003.0,46,,0,10001.5,0.0,-0.00014996625787305683,0.999936,
323,1,16100,COCONUT,10001.0,143,10000.0,76,,0,10002.0,134,10003.0,76,,0,10001.5,0.0,0.0,0.9999356,
325,1,16200,COCONUT,10000.0,105,9999.0,76,,0,10001.0,115,10002.0,76,,0,10000.5,0.0,-9.999000108315983e-05,0.9999352,
326,1,16300,COCONUT,9999.0,158,,0,,0,10001.0,104,10002.0,54,,0,10000.0,0.0,-4.999875004169216e-05,0.9999348,
328,1,16400,COCONUT,10000.0,122,9999.0,44,,0,10002.0,166,,0,,0,10001.0,0.0,9.999500033329732e-05,0.9999344,
331,1,16500,COCONUT,10001.0,137,10000.0,44,,0,10003.0,181,,0,,0,10002.0,0.0,9.9985002332975e-05,0.999934,
333,1,16600,COCONUT,10002.0,113,10001.0,68,,0,10004.0,181,,0,,0,10003.0,0.0,9.997500633164248e-05,0.9999336,
335,1,16700,COCONUT,10002.0,108,10001.0,60,,0,10003.0,108,10004.0,60,,0,10002.5,0.0,-4.998625379056644e-05,0.9999332000000001,
336,1,16800,COCONUT,10000.0,126,9999.0,41,,0,10001.0,126,10002.0,41,,0,10000.5,0.0,-0.00019997000516565726,0.9999328000000001,
338,1,16900,COCONUT,9999.0,115,9998.0,61,,0,10001.0,176,,0,,0,10000.0,0.0,-4.999875004169216e-05,0.9999324,
340,1,17000,COCONUT,10000.0,9,9999.0,209,,0,10001.0,140,10002.0,69,,0,10000.5,0.0,4.999875004177061e-05,0.999932,
343,1,17100,COCONUT,10000.0,92,9999.0,54,,0,10002.0,156,,0,,0,10001.0,0.0,4.999625029155926e-05,0.9999316,
344,1,17200,COCONUT,10000.0,109,9999.0,71,,0,10002.0,180,,0,,0,10001.0,0.0,0.0,0.9999312,
346,1,17300,COCONUT,9999.0,119,9998.0,62,,0,10001.0,181,,0,,0,10000.0,0.0,-9.999500033332494e-05,0.9999308,
348,1,17400,COCONUT,9999.0,128,9998.0,48,,0,10000.0,128,10001.0,48,,0,9999.5,0.0,-5.000125004166272e-05,0.9999304,
351,1,17500,COCONUT,9998.0,116,9997.0,69,,0,9999.0,116,10000.0,69,,0,9998.5,0.0,-0.00010001000108342667,0.99993,
352,1,17600,COCONUT,9997.0,180,,0,,0,9999.0,126,10000.0,54,,0,9998.0,0.0,-5.000875154193133e-05,0.9999296000000001,
354,1,17700,COCONUT,9996.0,116,9995.0,60,,0,9997.0,116,9998.0,60,,0,9996.5,0.0,-0.00015004126162837506,0.9999292000000001,
356,1,17800,COCONUT,9995.0,158,,0,,0,9997.0,105,9998.0,53,,0,9996.0,0.0,-5.0018757044269586e-05,0.9999288000000001,
359,1,17900,COCONUT,9996.0,121,9995.0,80,,0,9998.0,201,,0,,0,9997.0,0.0,0.00010003501233780469,0.9999284,
360,1,18000,COCONUT,9995.0,102,9994.0,58,,0,9997.0,160,,0,,0,9996.0,0.0,-0.00010003501233772528,0.999928,
362,1,18100,COCONUT,9996.0,134,9995.0,52,,0,9998.0,186,,0,,0,9997.0,0.0,0.00010003501233780469,0.9999276,
364,1,18200,COCONUT,9994.0,103,9993.0,47,,0,9995.0,103,9996.0,47,,0,9994.5,0.0,-0.0002501062964791774,0.9999272,
367,1,18300,COCONUT,9994.0,195,,0,,0,9996.0,149,9997.0,46,,0,9995.0,0.0,5.002626379898715e-05,0.9999268,
368,1,18400,COCONUT,9993.0,131,9992.0,45,,0,9995.0,176,,0,,0,9994.0,0.0,-0.00010005503035006613,0.9999264,
370,1,18500,COCONUT,9993.0,102,9992.0,56,,0,9994.0,102,9995.0,56,,0,9993.5,0.0,-5.003126955394368e-05,0.9999260000000001,
372,1,18600,COCONUT,9993.0,107,9992.0,48,,0,9994.0,107,9995.0,48,,0,9993.5,0.0,0.0,0.9999256000000001,
375,1,18700,COCONUT,9994.0,149,9993.0,58,,0,9995.0,149,9996.0,58,,0,9994.5,0.0,0.00010006003610516897,0.9999252000000001,
376,1,18800,COCONUT,9992.0,115,9991.0,64,,0,9993.0,115,9994.0,64,,0,9992.5,0.0,-0.0002001300852229675,0.9999248000000001,
378,1,18900,COCONUT,9992.0,140,9991.0,69,,0,9993.0,140,9994.0,69,,0,9992.5,0.0,0.0,0.9999244,
380,1,19000,COCONUT,9990.0,107,9989.0,62,,0,9992.0,169,,0,,0,9991.0,0.0,-0.0001501238524599765,0.9999239999999999,
383,1,19100,COCONUT,9990.0,104,9989.0,60,,0,9992.0,164,,0,,0,9991.0,0.0,0.0,0.9999235999999999,
384,1,19200,COCONUT,9990.0,125,9989.0,63,,0,9991.0,125,9992.0,63,,0,9990.5,0.0,-5.0046292831339236e-05,0.9999231999999999,
386,1,19300,COCONUT,9990.0,122,9989.0,44,,0,9992.0,166,,0,,0,9991.0,0.0,5.0046292831303736e-05,0.9999228,
388,1,19400,COCONUT,9989.0,124,9988.0,50,,0,9991.0,174,,0,,0,9990.0,0.0,-0.00010009509041934792,0.9999224,
391,1,19500,COCONUT,9989.0,106,9988.0,47,,0,9990.0,106,9991.0,47,,0,9989.5,0.0,-5.005130259564738e-05,0.999922,
392,1,19600,COCONUT,9988.0,111,9987.0,43,,0,9989.0,111,9990.0,43,,0,9988.5,0.0,-0.0001001101212168159,0.9999216,
394,1,19700,COCONUT,9988.0,125,9987.0,76,,0,9989.0,125,9990.0,76,,0,9988.5,0.0,0.0,0.9999212,
396,1,19800,COCONUT,9988.0,184,,0,,0,9990.0,136,9991.0,48,,0,9989.0,0.0,5.005631336286494e-05,0.9999207999999999,
399,1,19900,COCONUT,9989.0,105,9988.0,52,,0,9990.0,105,9991.0,52,,0,9989.5,0.0,5.005380785391483e-05,0.9999203999999999,
400,1,20000,COCONUT,9989.0,122,9988.0,70,,0,9990.0,122,9991.0,70,,0,9989.5,0.0,0.0,0.9999199999999999,
402,1,20100,COCONUT,9990.0,106,9989.0,46,,0,9991.0,111,9992.0,46,,0,9990.5,0.0,0.00010010010018375534,0.9999195999999999,
404,1,20200,COCONUT,9990.0,106,9989.0,78,,0,9992.0,184,,0,,0,9991.0,0.0,5.0046292831303736e-05,0.9999192,
407,1,20300,COCONUT,9991.0,189,,0,,0,9993.0,137,9994.0,52,,0,9992.0,0.0,0.00010008507239507956,0.9999188,
408,1,20400,COCONUT,9992.0,130,9991.0,70,,0,9993.0,130,9994.0,70,,0,9992.5,0.0,5.003878006494053e-05,0.9999184,
410,1,20500,COCONUT,9991.0,142,,0,,0,9993.0,100,9994.0,42,,0,9992.0,0.0,-5.0038780065014324e-05,0.999918,
412,1,20600,COCONUT,9992.0,114,9991.0,48,,0,9993.0,114,9994.0,48,,0,9992.5,0.0,5.003878006494053e-05,0.9999176,
415,1,20700,COCONUT,9993.0,105,9992.0,47,,0,9995.0,152,,0,,0,9994.0,0.0,0.00015010131867171587,0.9999172,
416,1,20800,COCONUT,9993.0,137,9992.0,63,,0,9994.0,137,9995.0,63,,0,9993.5,0.0,-5.003126955394368e-05,0.9999167999999999,
418,1,20900,COCONUT,9993.0,134,9992.0,66,,0,9995.0,200,,0,,0,9994.0,0.0,5.003126955393714e-05,0.9999163999999999,
421,1,21000,COCONUT,9992.0,207,,0,,0,9994.0,138,9995.0,69,,0,9993.0,0.0,-0.00010006504236095097,0.999916,
423,1,21100,COCONUT,9993.0,208,,0,,0,9995.0,147,9996.0,61,,0,9994.0,0.0,0.00010006504236099218,0.9999156,
425,1,21200,COCONUT,9993.0,115,9992.0,70,,0,9994.0,115,9995.0,70,,0,9993.5,0.0,-5.003126955394368e-05,0.9999152,
426,1,21300,COCONUT,9991.0,141,9990.0,78,,0,9992.0,141,9993.0,78,,0,9991.5,0.0,-0.00020015011325264125,0.9999148,
429,1,21400,COCONUT,9992.0,150,9991.0,42,,0,9993.0,150,9994.0,42,,0,9992.5,0.0,0.00010008006413471653,0.9999144,
431,1,21500,COCONUT,9990.0,128,9989.0,58,,0,9992.0,186,,0,,0,9991.0,0.0,-0.0001501238524599765,0.999914,
433,1,21600,COCONUT,9992.0,144,9991.0,76,,0,9993.0,144,9994.0,76,,0,9992.5,0.0,0.00015012385246009706,0.9999136,
434,1,21700,COCONUT,9991.0,127,9990.0,47,,0,9992.0,121,9993.0,47,,0,9991.5,0.0,-0.00010008006413472587,0.9999132,
437,1,21800,COCONUT,9990.0,115,9989.0,43,,0,9991.0,115,9992.0,43,,0,9990.5,0.0,-0.00010009008115657731,0.9999127999999999,
439,1,21900,COCONUT,9988.0,200,,0,,0,9990.0,147,9991.0,53,,0,9989.0,0.0,-0.0001501539080375624,0.9999124,
441,1,22000,COCONUT,9989.0,109,9988.0,46,,0,9991.0,155,,0,,0,9990.0,0.0,0.00010010511044954617,0.999912,
442,1,22100,COCONUT,9989.0,141,9988.0,72,,0,9990.0,141,9991.0,72,,0,9989.5,0.0,-5.005130259564738e-05,0.9999116,
445,1,22200,COCONUT,9989.0,123,9988.0,66,,0,9991.0,189,,0,,0,9990.0,0.0,5.005130259563425e-05,0.9999112,
447,1,22300,COCONUT,9988.0,134,9987.0,64,,0,9990.0,198,,0,,0,9989.0,0.0,-0.0001001051104494672,0.9999108,
449,1,22400,COCONUT,9989.0,110,9988.0,75,,0,9991.0,185,,0,,0,9990.0,0.0,0.00010010511044954617,0.9999104,
450,1,22500,COCONUT,9989.0,110,9988.0,75,,0,9991.0,185,,0,,0,9990.0,0.0,0.0,0.99991,
453,1,22600,COCONUT,9989.0,137,9988.0,62,,0,9991.0,199,,0,,0,9990.0,0.0,0.0,0.9999096,
455,1,22700,COCONUT,9993.0,103,9992.0,41,,0,9994.0,103,9995.0,41,,0,9993.5,0.0,0.0003502889919972258,0.9999092,
457,1,22800,COCONUT,9991.0,192,,0,,0,9993.0,131,9994.0,61,,0,9992.0,0.0,-0.00015010882918281354,0.9999088,
458,1,22900,COCONUT,9992.0,143,9991.0,64,,0,9994.0,207,,0,,0,9993.0,0.0,0.00010007505637565495,0.9999084,
461,1,23000,COCONUT,9990.0,212,,0,,0,9992.0,137,9993.0,75,,0,9991.0,0.0,-0.00020016012877078278,0.999908,
463,1,23100,COCONUT,9990.0,129,9989.0,72,,0,9992.0,201,,0,,0,9991.0,0.0,0.0,0.9999076,
465,1,23200,COCONUT,9989.0,124,9988.0,70,,0,9990.0,124,9991.0,70,,0,9989.5,0.0,-0.00015014639301498078,0.9999072,
466,1,23300,COCONUT,9988.0,181,,0,,0,9990.0,107,9991.0,74,,0,9989.0,0.0,-5.005380785391773e-05,0.9999068,
469,1,23400,COCONUT,9988.0,168,,0,,0,9990.0,116,9991.0,52,,0,9989.0,0.0,0.0,0.9999064,
471,1,23500,COCONUT,9987.0,133,9986.0,75,,0,9989.0,208,,0,,0,9988.0,0.0,-0.00010011513248583869,0.999906,
473,1,23600,COCONUT,9988.0,140,9987.0,41,,0,9989.0,147,9990.0,41,,0,9988.5,0.0,5.005881912292866e-05,0.9999056000000001,
474,1,23700,COCONUT,9987.0,113,9986.0,77,,0,9988.0,113,9989.0,77,,0,9987.5,0.0,-0.00010012014425664661,0.9999052,
477,1,23800,COCONUT,9988.0,103,9987.0,52,,0,9989.0,108,9990.0,52,,0,9988.5,0.0,0.00010012014425672539,0.9999048,
479,1,23900,COCONUT,9987.0,127,9986.0,75,,0,9988.0,127,9989.0,75,,0,9987.5,0.0,-0.00010012014425664661,0.9999044,
481,1,24000,COCONUT,9987.0,107,9986.0,71,,0,9988.0,107,9989.0,71,,0,9987.5,0.0,0.0,0.999904,
482,1,24100,COCONUT,9987.0,146,9986.0,63,,0,9988.0,146,9989.0,63,,0,9987.5,0.0,0.0,0.9999036,
485,1,24200,COCONUT,9986.0,157,,0,,0,9988.0,111,9989.0,46,,0,9987.0,0.0,-5.0063831395514376e-05,0.9999032,
487,1,24300,COCONUT,9987.0,181,,0,,0,9989.0,127,9990.0,54,,0,9988.0,0.0,0.00010012515652927604,0.9999028,
489,1,24400,COCONUT,9990.0,181,,0,,0,9992.0,115,9993.0,66,,0,9991.0,0.0,0.00030031533335486324,0.9999024,
490,1,24500,COCONUT,9990.0,191,,0,,0,9992.0,138,9993.0,53,,0,9991.0,0.0,0.0,0.9999020000000001,
493,1,24600,COCONUT,9990.0,143,9989.0,79,,0,9991.0,143,9992.0,79,,0,9990.5,0.0,-5.0046292831339236e-05,0.9999016000000001,
495,1,24700,COCONUT,9990.0,109,9989.0,53,,0,9991.0,109,9992.0,53,,0,9990.5,0.0,0.0,0.9999012,
497,1,24800,COCONUT,9990.0,197,,0,,0,9992.0,125,9993.0,72,,0,9991.0,0.0,5.0046292831303736e-05,0.9999008,
498,1,24900,COCONUT,9990.0,103,9989.0,50,,0,9991.0,109,9992.0,50,,0,9990.5,0.0,-5.0046292831339236e-05,0.9999004,
501,1,25000,COCONUT,9992.0,170,,0,,0,9994.0,106,9995.0,64,,0,9993.0,0.0,0.0002502064216020502,0.9999,
503,1,25100,COCONUT,9991.0,163,,0,,0,9993.0,103,9994.0,60,,0,9992.0,0.0,-0.00010007505637575605,0.9998996,
505,1,25200,COCONUT,9992.0,114,9991.0,77,,0,9993.0,114,9994.0,77,,0,9992.5,0.0,5.003878006494053e-05,0.9998992,
507,1,25300,COCONUT,9991.0,10,9990.0,217,,0,9992.0,141,9993.0,76,,0,9991.5,0.0,-0.00010008006413472587,0.9998988000000001,
508,1,25400,COCONUT,9991.0,101,9990.0,49,,0,9993.0,160,,0,,0,9992.0,0.0,5.004128406987341e-05,0.9998984000000001,
511,1,25500,COCONUT,9993.0,115,9992.0,41,,0,9994.0,115,9995.0,41,,0,9993.5,0.0,0.00015010882918290984,0.9998980000000001,
513,1,25600,COCONUT,9992.0,188,,0,,0,9994.0,142,9995.0,46,,0,9993.0,0.0,-5.003377280711177e-05,0.9998976,
515,1,25700,COCONUT,9993.0,111,9992.0,53,,0,9994.0,120,9995.0,53,,0,9993.5,0.0,5.003377280708341e-05,0.9998972,
516,1,25800,COCONUT,9992.0,102,9991.0,53,,0,9993.0,102,9994.0,53,,0,9992.5,0.0,-0.00010007004911779408,0.9998968,
518,1,25900,COCONUT,9993.0,162,,0,,0,9995.0,120,9996.0,42,,0,9994.0,0.0,0.00015010131867171587,0.9998964,
520,1,26000,COCONUT,9994.0,115,9993.0,40,,0,9996.0,155,,0,,0,9995.0,0.0,0.00010005503035020322,0.999896,
523,1,26100,COCONUT,9994.0,125,9993.0,49,,0,9996.0,174,,0,,0,9995.0,0.0,0.0,0.9998956,
524,1,26200,COCONUT,9994.0,132,9993.0,42,,0,9995.0,132,9996.0,42,,0,9994.5,0.0,-5.0026263798951804e-05,0.9998952000000001,
526,1,26300,COCONUT,9995.0,134,9994.0,58,,0,9996.0,134,9997.0,58,,0,9995.5,0.0,0.00010005002509587288,0.9998948000000001,
528,1,26400,COCONUT,9994.0,163,,0,,0,9996.0,118,9997.0,45,,0,9995.0,0.0,-5.002376129701699e-05,0.9998944000000001,
531,1,26500,COCONUT,9994.0,181,,0,,0,9996.0,102,9997.0,76,,0,9995.0,0.0,0.0,0.9998940000000001,
532,1,26600,COCONUT,9993.0,101,9992.0,45,,0,9994.0,101,9995.0,45,,0,9993.5,0.0,-0.00015008629990399678,0.9998935999999999,
534,1,26700,COCONUT,9993.0,131,9992.0,69,,0,9994.0,131,9995.0,69,,0,9993.5,0.0,0.0,0.9998931999999999,
536,1,26800,COCONUT,9993.0,155,,0,,0,9995.0,103,9996.0,52,,0,9994.0,0.0,5.003126955393714e-05,0.9998927999999999,
539,1,26900,COCONUT,9992.0,137,9991.0,77,,0,9994.0,214,,0,,0,9993.0,0.0,-0.00010006504236095097,0.9998923999999999,
540,1,27000,COCONUT,9993.0,106,9992.0,61,,0,9995.0,167,,0,,0,9994.0,0.0,0.00010006504236099218,0.999892,
542,1,27100,COCONUT,9992.0,101,9991.0,64,,0,9993.0,101,9994.0,64,,0,9992.5,0.0,-0.00015010131867175086,0.9998916,
544,1,27200,COCONUT,9991.0,141,9990.0,80,,0,9993.0,221,,0,,0,9992.0,0.0,-5.0038780065014324e-05,0.9998912,
547,1,27300,COCONUT,9990.0,198,,0,,0,9992.0,126,9993.0,72,,0,9991.0,0.0,-0.00010008507239503664,0.9998908,
548,1,27400,COCONUT,9991.0,125,9990.0,74,,0,9992.0,125,9993.0,74,,0,9991.5,0.0,5.00437883252538e-05,0.9998904,
550,1,27500,COCONUT,9991.0,135,9990.0,50,,0,9992.0,135,9993.0,50,,0,9991.5,0.0,0.0,0.99989,
552,1,27600,COCONUT,9992.0,129,9991.0,60,,0,9994.0,183,,0,,0,9993.0,0.0,0.00015011634044555556,0.9998895999999999,
555,1,27700,COCONUT,9990.0,5,9989.0,203,,0,9991.0,143,9992.0,60,,0,9990.5,0.0,-0.00025020642160209557,0.9998891999999999,
556,1,27800,COCONUT,9989.0,105,9988.0,63,,0,9990.0,105,9991.0,63,,0,9989.5,0.0,-0.00010010010018368156,0.9998887999999999,
558,1,27900,COCONUT,9990.0,163,,0,,0,9992.0,105,9993.0,58,,0,9991.0,0.0,0.00015014639301509595,0.9998884,
560,1,28000,COCONUT,9990.0,137,9989.0,71,,0,9991.0,137,9992.0,71,,0,9990.5,0.0,-5.0046292831339236e-05,0.999888,
563,1,28100,COCONUT,9991.0,126,9990.0,68,,0,9993.0,194,,0,,0,9992.0,0.0,0.0001501313652263123,0.9998876,
564,1,28200,COCONUT,9991.0,140,9990.0,46,,0,9992.0,140,9993.0,46,,0,9991.5,0.0,-5.004128406974879e-05,0.9998872,
566,1,28300,COCONUT,9994.0,113,9993.0,57,,0,9995.0,113,9996.0,57,,0,9994.5,0.0,0.0003002101493577514,0.9998868,
568,1,28400,COCONUT,9991.0,178,,0,,0,9993.0,132,9994.0,46,,0,9992.0,0.0,-0.00025016886528790474,0.9998864,
571,1,28500,COCONUT,9993.0,135,9992.0,61,,0,9994.0,135,9995.0,61,,0,9993.5,0.0,0.00015010882918290984,0.9998859999999999,
572,1,28600,COCONUT,9994.0,185,,0,,0,9996.0,142,9997.0,43,,0,9995.0,0.0,0.00015008629990412726,0.9998855999999999,
574,1,28700,COCONUT,9996.0,125,9995.0,62,,0,9997.0,125,9998.0,62,,0,9996.5,0.0,0.0001500637773868569,0.9998852,
576,1,28800,COCONUT,9994.0,149,9993.0,65,,0,9996.0,214,,0,,0,9995.0,0.0,-0.00015006377738685013,0.9998848,
579,1,28900,COCONUT,9995.0,194,,0,,0,9997.0,136,9998.0,58,,0,9996.0,0.0,0.00010004502034262205,0.9998844,
580,1,29000,COCONUT,9993.0,135,9992.0,63,,0,9995.0,198,,0,,0,9994.0,0.0,-0.00020010005069264774,0.999884,
582,1,29100,COCONUT,9993.0,124,9992.0,74,,0,9995.0,198,,0,,0,9994.0,0.0,0.0,0.9998836,
584,1,29200,COCONUT,9995.0,115,9994.0,59,,0,9996.0,115,9997.0,59,,0,9995.5,0.0,0.00015007879164706666,0.9998832,
587,1,29300,COCONUT,9996.0,128,9995.0,68,,0,9997.0,128,9998.0,68,,0,9996.5,0.0,0.00010004001608978463,0.9998828,
588,1,29400,COCONUT,9996.0,120,9995.0,72,,0,9998.0,192,,0,,0,9997.0,0.0,5.0016255293347284e-05,0.9998824,
590,1,29500,COCONUT,9997.0,117,9996.0,69,,0,9998.0,117,9999.0,69,,0,9997.5,0.0,5.001375379266758e-05,0.9998819999999999,
592,1,29600,COCONUT,9998.0,129,9997.0,57,,0,9999.0,129,10000.0,57,,0,9998.5,0.0,0.00010002000408412354,0.9998816,
595,1,29700,COCONUT,9996.0,121,9995.0,72,,0,9998.0,193,,0,,0,9997.0,0.0,-0.00015003375787687242,0.9998812,
597,1,29800,COCONUT,9994.0,163,,0,,0,9995.0,10,9996.0,163,,0,9994.5,0.0,-0.0002501062964791774,0.9998808,
598,1,29900,COCONUT,9994.0,189,,0,,0,9996.0,113,9997.0,76,,0,9995.0,0.0,5.002626379898715e-05,0.9998804,
601,1,30000,COCONUT,9994.0,191,,0,,0,9996.0,116,9997.0,75,,0,9995.0,0.0,0.0,0.99988,
603,1,30100,COCONUT,9994.0,109,9993.0,41,,0,9995.0,109,9996.0,41,,0,9994.5,0.0,-5.0026263798951804e-05,0.9998796,
605,1,30200,COCONUT,9994.0,104,9993.0,43,,0,9995.0,111,9996.0,43,,0,9994.5,0.0,0.0,0.9998792,
606,1,30300,COCONUT,9994.0,125,9993.0,40,,0,9996.0,165,,0,,0,9995.0,0.0,5.002626379898715e-05,0.9998788,
609,1,30400,COCONUT,9994.0,150,9993.0,72,,0,9995.0,150,9996.0,72,,0,9994.5,0.0,-5.0026263798951804e-05,0.9998784000000001,
611,1,30500,COCONUT,9993.0,132,9992.0,50,,0,9994.0,141,9995.0,50,,0,9993.5,0.0,-0.00010006003610511567,0.999878,
613,1,30600,COCONUT,9993.0,109,9992.0,60,,0,9995.0,169,,0,,0,9994.0,0.0,5.003126955393714e-05,0.9998776,
614,1,30700,COCONUT,9993.0,127,9992.0,49,,0,9995.0,176,,0,,0,9994.0,0.0,0.0,0.9998772,
617,1,30800,COCONUT,9993.0,104,9992.0,45,,0,9994.0,104,9995.0,45,,0,9993.5,0.0,-5.003126955394368e-05,0.9998768,
619,1,30900,COCONUT,9993.0,109,9992.0,63,,0,9995.0,172,,0,,0,9994.0,0.0,5.003126955393714e-05,0.9998764,
621,1,31000,COCONUT,9992.0,117,9991.0,76,,0,9994.0,193,,0,,0,9993.0,0.0,-0.00010006504236095097,0.999876,
622,1,31100,COCONUT,9992.0,221,,0,,0,9994.0,141,9995.0,80,,0,9993.0,0.0,0.0,0.9998756,
625,1,31200,COCONUT,9993.0,120,9992.0,48,,0,9994.0,120,9995.0,48,,0,9993.5,0.0,5.003377280708341e-05,0.9998752,
627,1,31300,COCONUT,9993.0,103,9992.0,75,,0,9994.0,110,9995.0,75,,0,9993.5,0.0,0.0,0.9998748000000001,
629,1,31400,COCONUT,9993.0,109,9992.0,52,,0,9994.0,109,9995.0,52,,0,9993.5,0.0,0.0,0.9998744,
630,1,31500,COCONUT,9993.0,114,9992.0,58,,0,9994.0,114,9995.0,58,,0,9993.5,0.0,0.0,0.999874,
633,1,31600,COCONUT,9993.0,155,,0,,0,9995.0,112,9996.0,43,,0,9994.0,0.0,5.003126955393714e-05,0.9998736,
635,1,31700,COCONUT,9995.0,150,9994.0,80,,0,9997.0,230,,0,,0,9996.0,0.0,0.0002001000506926293,0.9998732,
637,1,31800,COCONUT,9996.0,162,,0,,0,9998.0,119,9999.0,43,,0,9997.0,0.0,0.00010003501233780469,0.9998728,
638,1,31900,COCONUT,9996.0,144,9995.0,77,,0,9997.0,144,9998.0,77,,0,9996.5,0.0,-5.001625529334597e-05,0.9998724,
641,1,32000,COCONUT,9996.0,107,9995.0,49,,0,9997.0,107,9998.0,49,,0,9996.5,0.0,0.0,0.999872,
643,1,32100,COCONUT,9993.0,192,,0,,0,9995.0,134,9996.0,58,,0,9994.0,0.0,-0.00025011880773698577,0.9998716,
645,1,32200,COCONUT,9993.0,123,9992.0,52,,0,9994.0,123,9995.0,52,,0,9993.5,0.0,-5.003126955394368e-05,0.9998712000000001,
646,1,32300,COCONUT,9992.0,153,,0,,0,9994.0,109,9995.0,44,,0,9993.0,0.0,-5.003377280711177e-05,0.9998708000000001,
649,1,32400,COCONUT,9993.0,140,9992.0,43,,0,9994.0,145,9995.0,43,,0,9993.5,0.0,5.003377280708341e-05,0.9998704,
651,1,32500,COCONUT,9993.0,140,9992.0,48,,0,9995.0,188,,0,,0,9994.0,0.0,5.003126955393714e-05,0.99987,
653,1,32600,COCONUT,9994.0,190,,0,,0,9996.0,134,9997.0,56,,0,9995.0,0.0,0.00010005503035020322,0.9998696,
654,1,32700,COCONUT,9995.0,125,9994.0,71,,0,9996.0,125,9997.0,71,,0,9995.5,0.0,5.00237612969614e-05,0.9998692,
657,1,32800,COCONUT,9995.0,134,9994.0,57,,0,9997.0,182,,0,,0,9996.0,0.0,5.002125904560522e-05,0.9998688,
659,1,32900,COCONUT,9994.0,112,9993.0,72,,0,9995.0,112,9996.0,72,,0,9994.5,0.0,-0.00015007128414151578,0.9998684,
661,1,33000,COCONUT,9994.0,119,9993.0,79,,0,9995.0,120,9996.0,79,,0,9994.5,0.0,0.0,0.9998680000000001,
662,1,33100,COCONUT,9993.0,110,9992.0,45,,0,9994.0,104,9995.0,45,,0,9993.5,0.0,-0.00010006003610511567,0.9998676000000001,
665,1,33200,COCONUT,9994.0,108,9993.0,72,,0,9995.0,118,9996.0,72,,0,9994.5,0.0,0.00010006003610516897,0.9998672000000001,
667,1,33300,COCONUT,9993.0,9,9992.0,178,,0,9994.0,106,9995.0,72,,0,9993.5,0.0,-0.00010006003610511567,0.9998668000000001,
669,1,33400,COCONUT,9991.0,113,9990.0,61,,0,9992.0,113,9993.0,61,,0,9991.5,0.0,-0.00020015011325264125,0.9998664,
670,1,33500,COCONUT,9990.0,122,9989.0,64,,0,9991.0,122,9992.0,64,,0,9990.5,0.0,-0.00010009008115657731,0.999866,
673,1,33600,COCONUT,9990.0,130,9989.0,51,,0,9991.0,130,9992.0,51,,0,9990.5,0.0,0.0,0.9998656,
675,1,33700,COCONUT,9989.0,128,9988.0,63,,0,9991.0,191,,0,,0,9990.0,0.0,-5.00487975880842e-05,0.9998652,
677,1,33800,COCONUT,9990.0,141,9989.0,45,,0,9991.0,141,9992.0,45,,0,9990.5,0.0,5.004879758802321e-05,0.9998648,
678,1,33900,COCONUT,9992.0,127,9991.0,53,,0,9993.0,127,9994.0,53,,0,9992.5,0.0,0.0002001701452912943,0.9998644000000001,
681,1,34000,COCONUT,9992.0,123,9991.0,67,,0,9993.0,123,9994.0,67,,0,9992.5,0.0,0.0,0.9998640000000001,
683,1,34100,COCONUT,9990.0,179,,0,,0,9992.0,139,9993.0,40,,0,9991.0,0.0,-0.0001501238524599765,0.9998636000000001,
685,1,34200,COCONUT,9991.0,8,9990.0,192,,0,9992.0,120,9993.0,72,,0,9991.5,0.0,5.00437883252538e-05,0.9998632,
687,1,34300,COCONUT,9991.0,147,9990.0,40,,0,9993.0,187,,0,,0,9992.0,0.0,5.004128406987341e-05,0.9998627999999999,
688,1,34400,COCONUT,9993.0,104,9992.0,54,,0,9995.0,158,,0,,0,9994.0,0.0,0.00020014009873676805,0.9998623999999999,
691,1,34500,COCONUT,9992.0,182,,0,,0,9994.0,115,9995.0,67,,0,9993.0,0.0,-0.00010006504236095097,0.9998619999999999,
693,1,34600,COCONUT,9995.0,125,9994.0,76,,0,9996.0,125,9997.0,76,,0,9995.5,0.0,0.00025014383400817614,0.9998615999999999,
695,1,34700,COCONUT,9995.0,134,9994.0,48,,0,9996.0,127,9997.0,48,,0,9995.5,0.0,0.0,0.9998612,
696,1,34800,COCONUT,9995.0,109,9994.0,72,,0,9996.0,109,9997.0,72,,0,9995.5,0.0,0.0,0.9998608,
698,1,34900,COCONUT,9995.0,102,9994.0,49,,0,9996.0,102,9997.0,49,,0,9995.5,0.0,0.0,0.9998604,
700,1,35000,COCONUT,9995.0,114,9994.0,78,,0,9996.0,114,9997.0,78,,0,9995.5,0.0,0.0,0.99986,
703,1,35100,COCONUT,9995.0,144,9994.0,75,,0,9996.0,144,9997.0,75,,0,9995.5,0.0,0.0,0.9998596,
704,1,35200,COCONUT,9993.0,165,,0,,0,9995.0,113,9996.0,52,,0,9994.0,0.0,-0.0001500787916471943,0.9998592,
706,1,35300,COCONUT,9993.0,101,9992.0,74,,0,9994.0,101,9995.0,74,,0,9993.5,0.0,-5.003126955394368e-05,0.9998587999999999,
708,1,35400,COCONUT,9991.0,145,9990.0,60,,0,9993.0,205,,0,,0,9992.0,0.0,-0.00015010882918281354,0.9998583999999999,
711,1,35500,COCONUT,9991.0,128,9990.0,60,,0,9993.0,188,,0,,0,9992.0,0.0,0.0,0.9998579999999999,
712,1,35600,COCONUT,9990.0,215,,0,,0,9992.0,143,9993.0,72,,0,9991.0,0.0,-0.00010008507239503664,0.9998576,
714,1,35700,COCONUT,9991.0,136,9990.0,74,,0,9993.0,210,,0,,0,9992.0,0.0,0.00010008507239507956,0.9998572,
716,1,35800,COCONUT,9991.0,109,9990.0,48,,0,9992.0,109,9993.0,48,,0,9991.5,0.0,-5.004128406974879e-05,0.9998568,
719,1,35900,COCONUT,9990.0,145,9989.0,50,,0,9991.0,145,9992.0,50,,0,9990.5,0.0,-0.00010009008115657731,0.9998564,
720,1,36000,COCONUT,9989.0,131,9988.0,66,,0,9991.0,192,,0,,0,9990.0,0.0,-5.00487975880842e-05,0.999856,
722,1,36100,COCONUT,9989.0,106,9988.0,65,,0,9990.0,106,9991.0,65,,0,9989.5,0.0,-5.005130259564738e-05,0.9998556,
724,1,36200,COCONUT,9988.0,224,,0,,0,9990.0,144,9991.0,80,,0,9989.0,0.0,-5.005380785391773e-05,0.9998551999999999,
727,1,36300,COCONUT,9990.0,134,9989.0,76,,0,9991.0,125,9992.0,76,,0,9990.5,0.0,0.00015015390803766436,0.9998547999999999,
728,1,36400,COCONUT,9989.0,140,9988.0,44,,0,9990.0,134,9991.0,44,,0,9989.5,0.0,-0.00010010010018368156,0.9998544,
730,1,36500,COCONUT,9988.0,106,9987.0,79,,0,9989.0,106,9990.0,79,,0,9988.5,0.0,-0.0001001101212168159,0.999854,
732,1,36600,COCONUT,9987.0,151,,0,,0,9989.0,110,9990.0,41,,0,9988.0,0.0,-5.005881912291308e-05,0.9998536,
735,1,36700,COCONUT,9986.0,160,,0,,0,9988.0,109,9989.0,51,,0,9987.0,0.0,-0.00010012515652923966,0.9998532,
736,1,36800,COCONUT,9987.0,10,9986.0,193,,0,9988.0,116,9989.0,77,,0,9987.5,0.0,5.0063831395508745e-05,0.9998528,
738,1,36900,COCONUT,9986.0,111,9985.0,49,,0,9988.0,160,,0,,0,9987.0,0.0,-5.0063831395514376e-05,0.9998524,
740,1,37000,COCONUT,9986.0,111,9985.0,53,,0,9988.0,164,,0,,0,9987.0,0.0,0.0,0.999852,
743,1,37100,COCONUT,9986.0,127,9985.0,70,,0,9987.0,121,9988.0,70,,0,9986.5,0.0,-5.00663379082089e-05,0.9998516,
744,1,37200,COCONUT,9986.0,139,9985.0,57,,0,9988.0,196,,0,,0,9987.0,0.0,5.0066337908247144e-05,0.9998511999999999,
746,1,37300,COCONUT,9986.0,145,9985.0,80,,0,9987.0,145,9988.0,80,,0,9986.5,0.0,-5.00663379082089e-05,0.9998508,
748,1,37400,COCONUT,9986.0,140,9985.0,76,,0,9987.0,140,9988.0,76,,0,9986.5,0.0,0.0,0.9998504,
751,1,37500,COCONUT,9985.0,135,9984.0,73,,0,9987.0,208,,0,,0,9986.0,0.0,-5.0068844671832664e-05,0.99985,
752,1,37600,COCONUT,9984.0,128,9983.0,79,,0,9986.0,207,,0,,0,9985.0,0.0,-0.00010014521063901792,0.9998496,
754,1,37700,COCONUT,9984.0,181,,0,,0,9986.0,135,9987.0,46,,0,9985.0,0.0,0.0,0.9998492,
756,1,37800,COCONUT,9985.0,222,,0,,0,9986.0,8,9987.0,150,9988.0,72,9985.5,0.0,5.0073858952477795e-05,0.9998488,
759,1,37900,COCONUT,9985.0,121,9984.0,69,,0,9986.0,121,9987.0,69,,0,9985.5,0.0,0.0,0.9998484,
760,1,38000,COCONUT,9984.0,137,9983.0,75,,0,9985.0,137,9986.0,75,,0,9984.5,0.0,-0.00010015022542175815,0.999848,
762,1,38100,COCONUT,9983.0,117,9982.0,75,,0,9984.0,117,9985.0,75,,0,9983.5,0.0,-0.00010016025649403761,0.9998476000000001,
764,1,38200,COCONUT,9983.0,107,9982.0,57,,0,9984.0,107,9985.0,57,,0,9983.5,0.0,0.0,0.9998472,
767,1,38300,COCONUT,9982.0,152,9981.0,73,,0,9983.0,147,9984.0,73,,0,9982.5,0.0,-0.00010017028957590061,0.9998468,
768,1,38400,COCONUT,9982.0,107,9981.0,55,,0,9983.0,107,9984.0,55,,0,9982.5,0.0,0.0,0.9998464,
770,1,38500,COCONUT,9982.0,112,9981.0,60,,0,9983.0,112,9984.0,60,,0,9982.5,0.0,0.0,0.999846,
772,1,38600,COCONUT,9983.0,136,9982.0,55,,0,9984.0,136,9985.0,55,,0,9983.5,0.0,0.0001001702895758732,0.9998456,
775,1,38700,COCONUT,9983.0,130,9982.0,52,,0,9984.0,130,9985.0,52,,0,9983.5,0.0,0.0,0.9998452,
777,1,38800,COCONUT,9983.0,129,9982.0,44,,0,9984.0,129,9985.0,44,,0,9983.5,0.0,0.0,0.9998448,
778,1,38900,COCONUT,9983.0,150,9982.0,55,,0,9984.0,150,9985.0,55,,0,9983.5,0.0,0.0,0.9998444,
781,1,39000,COCONUT,9984.0,101,9983.0,73,,0,9985.0,101,9986.0,73,,0,9984.5,0.0,0.00010016025649399522,0.9998440000000001,
783,1,39100,COCONUT,9985.0,101,9984.0,68,,0,9987.0,169,,0,,0,9986.0,0.0,0.00015022157710827515,0.9998436,
785,1,39200,COCONUT,9987.0,125,9986.0,53,,0,9988.0,125,9989.0,53,,0,9987.5,0.0,0.0001501990139755381,0.9998432,
786,1,39300,COCONUT,9986.0,103,9985.0,62,,0,9987.0,103,9988.0,62,,0,9986.5,0.0,-0.00010013016930361787,0.9998428,
789,1,39400,COCONUT,9986.0,170,,0,,0,9988.0,112,9989.0,58,,0,9987.0,0.0,5.0066337908247144e-05,0.9998424,
791,1,39500,COCONUT,9986.0,196,,0,,0,9988.0,123,9989.0,73,,0,9987.0,0.0,0.0,0.999842,
793,1,39600,COCONUT,9988.0,119,9987.0,42,,0,9990.0,161,,0,,0,9989.0,0.0,0.0002002402890150106,0.9998416,
794,1,39700,COCONUT,9990.0,137,9989.0,74,,0,9991.0,137,9992.0,74,,0,9990.5,0.0,0.00015015390803766436,0.9998412,
797,1,39800,COCONUT,9989.0,122,9988.0,45,,0,9990.0,122,9991.0,45,,0,9989.5,0.0,-0.00010010010018368156,0.9998408,
799,1,39900,COCONUT,9988.0,175,,0,,0,9990.0,115,9991.0,60,,0,9989.0,0.0,-5.005380785391773e-05,0.9998404000000001,
801,1,40000,COCONUT,9988.0,125,9987.0,54,,0,9989.0,125,9990.0,54,,0,9988.5,0.0,-5.00563133630063e-05,0.9998400000000001,
802,1,40100,COCONUT,9987.0,117,9986.0,72,,0,9988.0,117,9989.0,72,,0,9987.5,0.0,-0.00010012014425664661,0.9998396,
805,1,40200,COCONUT,9987.0,139,9986.0,48,,0,9988.0,139,9989.0,48,,0,9987.5,0.0,0.0,0.9998392,
807,1,40300,COCONUT,9986.0,116,9985.0,54,,0,9988.0,170,,0,,0,9987.0,0.0,-5.0063831395514376e-05,0.9998388,
809,1,40400,COCONUT,9985.0,146,9984.0,51,,0,9986.0,146,9987.0,51,,0,9985.5,0.0,-0.00015020653426663937,0.9998384,
810,1,40500,COCONUT,9984.0,144,9983.0,55,,0,9986.0,199,,0,,0,9985.0,0.0,-5.00738589524231e-05,0.999838,
813,1,40600,COCONUT,9983.0,214,,0,,0,9985.0,138,9986.0,76,,0,9984.0,0.0,-0.0001001552407067277,0.9998376,
815,1,40700,COCONUT,9981.0,103,9980.0,78,,0,9983.0,181,,0,,0,9982.0,0.0,-0.00020034057965432304,0.9998372000000001,
817,1,40800,COCONUT,9980.0,149,9979.0,70,,0,9981.0,149,9982.0,70,,0,9980.5,0.0,-0.00015028177861716238,0.9998368000000001,
818,1,40900,COCONUT,9979.0,203,,0,,0,9981.0,130,9982.0,73,,0,9980.0,0.0,-5.0098945427673995e-05,0.9998364000000001,
821,1,41000,COCONUT,9979.0,8,9978.0,202,,0,9980.0,132,9981.0,70,,0,9979.5,0.0,-5.010145545770826e-05,0.9998360000000001,
823,1,41100,COCONUT,9980.0,128,9979.0,76,,0,9981.0,128,9982.0,76,,0,9980.5,0.0,0.00010020040088537605,0.9998356,
825,1,41200,COCONUT,9981.0,99,9980.0,56,,0,9982.0,108,9983.0,56,,0,9981.5,0.0,0.00010019036177100863,0.9998352,
826,1,41300,COCONUT,9980.0,109,9979.0,57,,0,9981.0,109,9982.0,57,,0,9980.5,0.0,-0.00010019036177104224,0.9998348,
829,1,41400,COCONUT,9980.0,169,,0,,0,9981.0,8,9982.0,102,9983.0,67,9980.5,0.0,0.0,0.9998344,
831,1,41500,COCONUT,9980.0,160,,0,,0,9982.0,102,9983.0,58,,0,9981.0,0.0,5.009643564907776e-05,0.999834,
833,1,41600,COCONUT,9978.0,119,9977.0,40,,0,9980.0,169,,0,,0,9979.0,0.0,-0.00020040080227383815,0.9998336000000001,
834,1,41700,COCONUT,9978.0,139,9977.0,55,,0,9979.0,139,9980.0,55,,0,9978.5,0.0,-5.010647627256313e-05,0.9998332000000001,
837,1,41800,COCONUT,9978.0,165,,0,,0,9980.0,106,9981.0,59,,0,9979.0,0.0,5.010647627261217e-05,0.9998328,
839,1,41900,COCONUT,9978.0,189,,0,,0,9980.0,135,9981.0,54,,0,9979.0,0.0,0.0,0.9998324,
841,1,42000,COCONUT,9978.0,128,9977.0,40,,0,9979.0,128,9980.0,40,,0,9978.5,0.0,-5.010647627256313e-05,0.9998319999999999,
842,1,42100,COCONUT,9979.0,141,9978.0,77,,0,9980.0,141,9981.0,77,,0,9979.5,0.0,0.0001002104420118313,0.9998315999999999,
845,1,42200,COCONUT,9979.0,186,,0,,0,9981.0,111,9982.0,75,,0,9980.0,0.0,5.01014554577297e-05,0.9998311999999999,
847,1,42300,COCONUT,9980.0,110,9979.0,80,,0,9982.0,190,,0,,0,9981.0,0.0,0.0001001953810766536,0.9998307999999999,
849,1,42400,COCONUT,9979.0,130,9978.0,67,,0,9981.0,205,,0,,0,9980.0,0.0,-0.00010019538107673348,0.9998304,
850,1,42500,COCONUT,9979.0,100,9978.0,50,,0,9980.0,100,9981.0,50,,0,9979.5,0.0,-5.010145545770826e-05,0.99983,
853,1,42600,COCONUT,9978.0,184,,0,,0,9980.0,109,9981.0,75,,0,9979.0,0.0,-5.010396573933797e-05,0.9998296,
855,1,42700,COCONUT,9978.0,120,9977.0,72,,0,9979.0,125,9980.0,72,,0,9978.5,0.0,-5.010647627256313e-05,0.9998292,
857,1,42800,COCONUT,9976.0,100,9975.0,43,,0,9977.0,100,9978.0,43,,0,9976.5,0.0,-0.00020045101545440401,0.9998288,
858,1,42900,COCONUT,9975.0,127,9974.0,51,,0,9976.0,132,9977.0,51,,0,9975.5,0.0,-0.00010024057746969336,0.9998284,
861,1,43000,COCONUT,9975.0,112,9974.0,48,,0,9976.0,105,9977.0,48,,0,9975.5,0.0,0.0,0.9998279999999999,
863,1,43100,COCONUT,9972.0,105,9971.0,75,,0,9974.0,180,,0,,0,9973.0,0.0,-0.0002506454132479574,0.9998275999999999,
865,1,43200,COCONUT,9974.0,107,9973.0,76,,0,9976.0,183,,0,,0,9975.0,0.0,0.00020052135619625633,0.9998271999999999,
867,1,43300,COCONUT,9975.0,122,9974.0,68,,0,9976.0,131,9977.0,68,,0,9975.5,0.0,5.0124057051652434e-05,0.9998268,
868,1,43400,COCONUT,9976.0,132,9975.0,60,,0,9977.0,132,9978.0,60,,0,9976.5,0.0,0.00010024057746971793,0.9998264,
871,1,43500,COCONUT,9977.0,124,9976.0,79,,0,9979.0,203,,0,,0,9978.0,0.0,0.00015034202839707362,0.999826,
872,1,43600,COCONUT,9977.0,155,,0,,0,9979.0,114,9980.0,41,,0,9978.0,0.0,0.0,0.9998256,
875,1,43700,COCONUT,9976.0,193,,0,,0,9978.0,140,9979.0,53,,0,9977.0,0.0,-0.00010022550747557466,0.9998252,
876,1,43800,COCONUT,9978.0,168,,0,,0,9980.0,123,9981.0,45,,0,9979.0,0.0,0.00020044097080528861,0.9998248,
878,1,43900,COCONUT,9978.0,144,9977.0,69,,0,9979.0,144,9980.0,69,,0,9978.5,0.0,-5.010647627256313e-05,0.9998244,
880,1,44000,COCONUT,9980.0,126,9979.0,69,,0,9981.0,126,9982.0,69,,0,9980.5,0.0,0.0002004108428974137,0.9998239999999999,
883,1,44100,COCONUT,9981.0,144,9980.0,65,,0,9983.0,209,,0,,0,9982.0,0.0,0.00015028177861720412,0.9998236,
884,1,44200,COCONUT,9980.0,189,,0,,0,9982.0,189,,0,,0,9981.0,0.0,-0.00010018534296813556,0.9998232,
886,1,44300,COCONUT,9981.0,112,9980.0,69,,0,9983.0,181,,0,,0,9982.0,0.0,0.0001001853429682191,0.9998228,
888,1,44400,COCONUT,9980.0,193,,0,,0,9982.0,120,9983.0,73,,0,9981.0,0.0,-0.00010018534296813556,0.9998224,
891,1,44500,COCONUT,9981.0,134,9980.0,78,,0,9982.0,134,9983.0,78,,0,9981.5,0.0,5.009392612186622e-05,0.999822,
892,1,44600,COCONUT,9980.0,224,,0,,0,9982.0,145,9983.0,79,,0,9981.0,0.0,-5.009392612194767e-05,0.9998216,
894,1,44700,COCONUT,9981.0,117,9980.0,44,,0,9982.0,117,9983.0,44,,0,9981.5,0.0,5.009392612186622e-05,0.9998212,
896,1,44800,COCONUT,9980.0,106,9979.0,46,,0,9981.0,106,9982.0,46,,0,9980.5,0.0,-0.00010019036177104224,0.9998208,
899,1,44900,COCONUT,9979.0,146,9978.0,69,,0,9980.0,146,9981.0,69,,0,9979.5,0.0,-0.00010020040088543133,0.9998203999999999,
900,1,45000,COCONUT,9980.0,112,9979.0,46,,0,9981.0,112,9982.0,46,,0,9980.5,0.0,0.00010020040088537605,0.99982,
902,1,45100,COCONUT,9977.0,213,,0,,0,9979.0,147,9980.0,66,,0,9978.0,0.0,-0.00025051982995464173,0.9998196,
904,1,45200,COCONUT,9978.0,139,9977.0,53,,0,9979.0,139,9980.0,53,,0,9978.5,0.0,5.010898705738984e-05,0.9998192,
907,1,45300,COCONUT,9976.0,145,9975.0,50,,0,9977.0,145,9978.0,50,,0,9976.5,0.0,-0.00020045101545440401,0.9998188,
908,1,45400,COCONUT,9975.0,112,9974.0,70,,0,9976.0,102,9977.0,70,,0,9975.5,0.0,-0.00010024057746969336,0.9998184,
910,1,45500,COCONUT,9972.0,199,,0,,0,9974.0,138,9975.0,61,,0,9973.0,0.0,-0.0002506454132479574,0.999818,
912,1,45600,COCONUT,9972.0,110,9971.0,60,,0,9973.0,110,9974.0,60,,0,9972.5,0.0,-5.0136622306258014e-05,0.9998176,
915,1,45700,COCONUT,9972.0,126,9971.0,79,,0,9973.0,126,9974.0,79,,0,9972.5,0.0,0.0,0.9998172,
916,1,45800,COCONUT,9971.0,112,9970.0,70,,0,9972.0,112,9973.0,70,,0,9971.5,0.0,-0.00010028078628535617,0.9998168,
918,1,45900,COCONUT,9971.0,100,9970.0,73,,0,9972.0,100,9973.0,73,,0,9971.5,0.0,0.0,0.9998164,
920,1,46000,COCONUT,9972.0,111,9971.0,66,,0,9973.0,111,9974.0,66,,0,9972.5,0.0,0.00010028078628542685,0.999816,
923,1,46100,COCONUT,9971.0,111,9970.0,57,,0,9972.0,111,9973.0,57,,0,9971.5,0.0,-0.00010028078628535617,0.9998156,
924,1,46200,COCONUT,9970.0,113,9969.0,77,,0,9972.0,183,,0,,0,9971.0,0.0,-5.014416448337938e-05,0.9998152,
926,1,46300,COCONUT,9970.0,128,9969.0,58,,0,9971.0,133,9972.0,58,,0,9970.5,0.0,-5.014667904668405e-05,0.9998148,
928,1,46400,COCONUT,9969.0,142,9968.0,60,,0,9970.0,142,9971.0,60,,0,9969.5,0.0,-0.00010030090279216389,0.9998144,
931,1,46500,COCONUT,9968.0,151,,0,,0,9970.0,106,9971.0,45,,0,9969.0,0.0,-5.0154224250056914e-05,0.999814,
932,1,46600,COCONUT,9967.0,185,,0,,0,9969.0,111,9970.0,74,,0,9968.0,0.0,-0.00010031599546955205,0.9998136,
934,1,46700,COCONUT,9968.0,165,,0,,0,9970.0,118,9971.0,47,,0,9969.0,0.0,0.00010031599546967948,0.9998132000000001,
936,1,46800,COCONUT,9968.0,141,9967.0,61,,0,9969.0,141,9970.0,61,,0,9968.5,0.0,-5.0156739822408175e-05,0.9998128000000001,
939,1,46900,COCONUT,9967.0,162,,0,,0,9969.0,108,9970.0,54,,0,9968.0,0.0,-5.015925564713211e-05,0.9998124,
940,1,47000,COCONUT,9967.0,105,9966.0,72,,0,9968.0,105,9969.0,72,,0,9967.5,0.0,-5.016177172433976e-05,0.999812,
942,1,47100,COCONUT,9967.0,105,9966.0,69,,0,9969.0,174,,0,,0,9968.0,0.0,5.016177172435349e-05,0.9998116,
944,1,47200,COCONUT,9969.0,150,9968.0,56,,0,9970.0,150,9971.0,56,,0,9969.5,0.0,0.00015047021971966313,0.9998112,
947,1,47300,COCONUT,9968.0,201,,0,,0,9970.0,135,9971.0,66,,0,9969.0,0.0,-5.0154224250056914e-05,0.9998108,
948,1,47400,COCONUT,9968.0,105,9967.0,66,,0,9970.0,171,,0,,0,9969.0,0.0,0.0,0.9998104,
950,1,47500,COCONUT,9967.0,165,,0,,0,9969.0,107,9970.0,58,,0,9968.0,0.0,-0.00010031599546955205,0.99981,
953,1,47600,COCONUT,9967.0,100,9966.0,77,,0,9968.0,100,9969.0,77,,0,9967.5,0.0,-5.016177172433976e-05,0.9998096000000001,
955,1,47700,COCONUT,9967.0,191,,0,,0,9969.0,120,9970.0,71,,0,9968.0,0.0,5.016177172435349e-05,0.9998092000000001,
957,1,47800,COCONUT,9968.0,109,9967.0,67,,0,9969.0,109,9970.0,67,,0,9968.5,0.0,5.015925564709658e-05,0.9998088,
958,1,47900,COCONUT,9967.0,121,9966.0,65,,0,9969.0,186,,0,,0,9968.0,0.0,-5.015925564713211e-05,0.9998084,
961,1,48000,COCONUT,9967.0,120,9966.0,42,,0,9969.0,162,,0,,0,9968.0,0.0,0.0,0.999808,
963,1,48100,COCONUT,9967.0,118,9966.0,48,,0,9969.0,166,,0,,0,9968.0,0.0,0.0,0.9998076,
965,1,48200,COCONUT,9967.0,104,9966.0,74,,0,9968.0,104,9969.0,74,,0,9967.5,0.0,-5.016177172433976e-05,0.9998072,
966,1,48300,COCONUT,9965.0,193,,0,,0,9966.0,10,9967.0,137,9968.0,56,9965.5,0.0,-0.0002006722527177722,0.9998068,
969,1,48400,COCONUT,9965.0,144,9964.0,59,,0,9967.0,203,,0,,0,9966.0,0.0,5.01718385576163e-05,0.9998064000000001,
971,1,48500,COCONUT,9966.0,125,9965.0,40,,0,9967.0,125,9968.0,40,,0,9966.5,0.0,5.016932147035449e-05,0.9998060000000001,
973,1,48600,COCONUT,9964.0,140,9963.0,79,,0,9966.0,224,,0,,0,9965.0,0.0,-0.00015051551592525376,0.9998056000000001,
974,1,48700,COCONUT,9965.0,208,,0,,0,9967.0,130,9968.0,78,,0,9966.0,0.0,0.00010034619445474131,0.9998052000000001,
977,1,48800,COCONUT,9966.0,140,9965.0,59,,0,9967.0,140,9968.0,59,,0,9966.5,0.0,5.016932147035449e-05,0.9998048,
979,1,48900,COCONUT,9966.0,10,9965.0,185,,0,9967.0,106,9968.0,79,,0,9966.5,0.0,0.0,0.9998044,
981,1,49000,COCONUT,9966.0,211,,0,,0,9967.0,8,9968.0,132,9969.0,79,9966.5,0.0,0.0,0.999804,
982,1,49100,COCONUT,9967.0,156,9966.0,54,,0,9968.0,150,9969.0,54,,0,9967.5,0.0,0.00010033109268970384,0.9998036,
985,1,49200,COCONUT,9967.0,150,9966.0,79,,0,9968.0,150,9969.0,79,,0,9967.5,0.0,0.0,0.9998031999999999,
987,1,49300,COCONUT,9966.0,174,,0,,0,9968.0,112,9969.0,62,,0,9967.0,0.0,-5.016428805380907e-05,0.9998028000000001,
989,1,49400,COCONUT,9965.0,114,9964.0,54,,0,9966.0,114,9967.0,54,,0,9965.5,0.0,-0.00015050796466392716,0.9998024,
990,1,49500,COCONUT,9964.0,179,,0,,0,9966.0,109,9967.0,70,,0,9965.0,0.0,-5.017435589718961e-05,0.999802,
993,1,49600,COCONUT,9963.0,128,9962.0,62,,0,9964.0,128,9965.0,62,,0,9963.5,0.0,-0.00015053817425629033,0.9998016,
995,1,49700,COCONUT,9964.0,122,9963.0,76,,0,9965.0,122,9966.0,76,,0,9964.5,0.0,0.00010036130076678986,0.9998012,
997,1,49800,COCONUT,9965.0,147,9964.0,56,,0,9966.0,147,9967.0,56,,0,9965.5,0.0,0.00010035122938686737,0.9998007999999999,
998,1,49900,COCONUT,9966.0,111,9965.0,51,,0,9967.0,111,9968.0,51,,0,9966.5,0.0,0.0001003411600279127,0.9998003999999999,
1001,1,50000,COCONUT,9967.0,145,9966.0,57,,0,9969.0,202,,0,,0,9968.0,0.0,0.00015049286441408066,0.9997999999999999,
1003,1,50100,COCONUT,9968.0,134,9967.0,71,,0,9969.0,134,9970.0,71,,0,9968.5,0.0,5.015925564709658e-05,0.9997996,
1005,1,50200,COCONUT,9966.0,188,,0,,0,9968.0,147,9969.0,41,,0,9967.0,0.0,-0.00015048531542533828,0.9997992,
1006,1,50300,COCONUT,9968.0,119,9967.0,57,,0,9969.0,119,9970.0,57,,0,9968.5,0.0,0.00015048531542523693,0.9997988,
1009,1,50400,COCONUT,9968.0,130,9967.0,55,,0,9969.0,130,9970.0,55,,0,9968.5,0.0,0.0,0.9997984,
1011,1,50500,COCONUT,9968.0,131,9967.0,48,,0,9970.0,179,,0,,0,9969.0,0.0,5.015673982250743e-05,0.999798,
1013,1,50600,COCONUT,9970.0,134,9969.0,48,,0,9971.0,127,9972.0,48,,0,9970.5,0.0,0.0001504551270423162,0.9997976,
1014,1,50700,COCONUT,9971.0,137,9970.0,61,,0,9972.0,137,9973.0,61,,0,9971.5,0.0,0.00010029084353011862,0.9997971999999999,
1017,1,50800,COCONUT,9971.0,148,9970.0,70,,0,9972.0,148,9973.0,70,,0,9971.5,0.0,0.0,0.9997967999999999,
1019,1,50900,COCONUT,9970.0,213,,0,,0,9972.0,146,9973.0,67,,0,9971.0,0.0,-5.014416448337938e-05,0.9997963999999999,
1021,1,51000,COCONUT,9970.0,126,9969.0,46,,0,9972.0,172,,0,,0,9971.0,0.0,0.0,0.999796,
1022,1,51100,COCONUT,9968.0,137,9967.0,42,,0,9969.0,137,9970.0,42,,0,9968.5,0.0,-0.0002507585459113518,0.9997956,
1025,1,51200,COCONUT,9967.0,147,9966.0,59,,0,9968.0,147,9969.0,59,,0,9967.5,0.0,-0.00010032102737150742,0.9997952,
1027,1,51300,COCONUT,9968.0,100,9967.0,72,,0,9969.0,97,9970.0,72,,0,9968.5,0.0,0.0001003210273713528,0.9997948,
1029,1,51400,COCONUT,9966.0,188,,0,,0,9968.0,130,9969.0,58,,0,9967.0,0.0,-0.00015048531542533828,0.9997944,
1030,1,51500,COCONUT,9966.0,179,,0,,0,9968.0,139,9969.0,40,,0,9967.0,0.0,0.0,0.999794,
1033,1,51600,COCONUT,9967.0,144,9966.0,43,,0,9969.0,187,,0,,0,9968.0,0.0,0.00010032605977810159,0.9997936,
1035,1,51700,COCONUT,9968.0,111,9967.0,75,,0,9969.0,111,9970.0,75,,0,9968.5,0.0,5.015925564709658e-05,0.9997931999999999,
1037,1,51800,COCONUT,9968.0,110,9967.0,74,,0,9970.0,184,,0,,0,9969.0,0.0,5.015673982250743e-05,0.9997928,
1038,1,51900,COCONUT,9968.0,172,,0,,0,9970.0,121,9971.0,51,,0,9969.0,0.0,0.0,0.9997924,
1040,1,52000,COCONUT,9969.0,146,9968.0,56,,0,9971.0,202,,0,,0,9970.0,0.0,0.00010030593318000516,0.999792,
1043,1,52100,COCONUT,9970.0,127,9969.0,71,,0,9971.0,127,9972.0,71,,0,9970.5,0.0,5.014919386230414e-05,0.9997916,
1045,1,52200,COCONUT,9970.0,127,9969.0,42,,0,9971.0,135,9972.0,42,,0,9970.5,0.0,0.0,0.9997912,
1047,1,52300,COCONUT,9970.0,193,,0,,0,9972.0,114,9973.0,79,,0,9971.0,0.0,5.014667904660976e-05,0.9997908,
1048,1,52400,COCONUT,9970.0,186,,0,,0,9972.0,110,9973.0,76,,0,9971.0,0.0,0.0,0.9997904,
1050,1,52500,COCONUT,9971.0,102,9970.0,80,,0,9973.0,182,,0,,0,9972.0,0.0,0.000100285814655568,0.99979,
1052,1,52600,COCONUT,9971.0,199,,0,,0,9973.0,129,9974.0,70,,0,9972.0,0.0,0.0,0.9997896,
1055,1,52700,COCONUT,9972.0,142,9971.0,73,,0,9973.0,142,9974.0,73,,0,9972.5,0.0,5.013913611309085e-05,0.9997892,
1056,1,52800,COCONUT,9972.0,132,9971.0,61,,0,9973.0,135,9974.0,61,,0,9972.5,0.0,0.0,0.9997888,
1058,1,52900,COCONUT,9971.0,147,9970.0,78,,0,9973.0,225,,0,,0,9972.0,0.0,-5.013913611322187e-05,0.9997884,
1060,1,53000,COCONUT,9971.0,118,9970.0,49,,0,9973.0,167,,0,,0,9972.0,0.0,0.0,0.999788,
1063,1,53100,COCONUT,9971.0,141,9970.0,55,,0,9972.0,131,9973.0,55,,0,9971.5,0.0,-5.0141650172225316e-05,0.9997876,
1064,1,53200,COCONUT,9972.0,147,9971.0,79,,0,9974.0,226,,0,,0,9973.0,0.0,0.00015041740859158694,0.9997872,
1066,1,53300,COCONUT,9972.0,105,9971.0,65,,0,9974.0,170,,0,,0,9973.0,0.0,0.0,0.9997868,
1068,1,53400,COCONUT,9974.0,138,9973.0,64,,0,9976.0,202,,0,,0,9975.0,0.0,0.00020052135619625633,0.9997864,
1071,1,53500,COCONUT,9974.0,119,9973.0,80,,0,9975.0,119,9976.0,80,,0,9974.5,0.0,-5.012656959868733e-05,0.999786,
1072,1,53600,COCONUT,9975.0,106,9974.0,77,,0,9977.0,183,,0,,0,9976.0,0.0,0.00015037217140697977,0.9997856,
1074,1,53700,COCONUT,9973.0,103,9972.0,72,,0,9975.0,175,,0,,0,9974.0,0.0,-0.00020050125380452038,0.9997852,
1076,1,53800,COCONUT,9974.0,132,9973.0,62,,0,9975.0,132,9976.0,62,,0,9974.5,0.0,5.0129082397680564e-05,0.9997848,
1079,1,53900,COCONUT,9974.0,105,9973.0,77,,0,9976.0,182,,0,,0,9975.0,0.0,5.012656959866566e-05,0.9997844,
1080,1,54000,COCONUT,9974.0,137,9973.0,67,,0,9976.0,204,,0,,0,9975.0,0.0,0.0,0.999784,
1082,1,54100,COCONUT,9975.0,144,,0,,0,9977.0,103,9978.0,41,,0,9976.0,0.0,0.00010024560180813544,0.9997836,
1084,1,54200,COCONUT,9975.0,114,9974.0,77,,0,9976.0,114,9977.0,77,,0,9975.5,0.0,-5.0121544756528776e-05,0.9997832,
1087,1,54300,COCONUT,9976.0,174,,0,,0,9978.0,119,9979.0,55,,0,9977.0,0.0,0.0001503570983912429,0.9997828,
1088,1,54400,COCONUT,9976.0,137,9975.0,50,,0,9978.0,187,,0,,0,9977.0,0.0,0.0,0.9997824000000001,
1090,1,54500,COCONUT,9976.0,146,9975.0,46,,0,9978.0,192,,0,,0,9977.0,0.0,0.0,0.9997820000000001,
1092,1,54600,COCONUT,9975.0,109,9974.0,45,,0,9977.0,154,,0,,0,9976.0,0.0,-0.00010023555363472161,0.9997816,
1095,1,54700,COCONUT,9975.0,176,,0,,0,9977.0,114,9978.0,62,,0,9976.0,0.0,0.0,0.9997812,
1096,1,54800,COCONUT,9975.0,132,9974.0,57,,0,9977.0,189,,0,,0,9976.0,0.0,0.0,0.9997808,
1098,1,54900,COCONUT,9975.0,131,9974.0,56,,0,9977.0,187,,0,,0,9976.0,0.0,0.0,0.9997804,
1100,1,55000,COCONUT,9975.0,123,9974.0,63,,0,9977.0,186,,0,,0,9976.0,0.0,0.0,0.99978,
1103,1,55100,COCONUT,9975.0,185,,0,,0,9977.0,134,9978.0,51,,0,9976.0,0.0,0.0,0.9997796,
1104,1,55200,COCONUT,9974.0,105,9973.0,67,,0,9976.0,172,,0,,0,9975.0,0.0,-0.00010024560180822698,0.9997792,
1106,1,55300,COCONUT,9974.0,100,9973.0,71,,0,9975.0,100,9976.0,71,,0,9974.5,0.0,-5.012656959868733e-05,0.9997788000000001,
1108,1,55400,COCONUT,9974.0,111,9973.0,60,,0,9975.0,114,9976.0,60,,0,9974.5,0.0,0.0,0.9997784000000001,
1111,1,55500,COCONUT,9974.0,147,9973.0,58,,0,9975.0,147,9976.0,58,,0,9974.5,0.0,0.0,0.9997780000000001,
1112,1,55600,COCONUT,9973.0,133,9972.0,77,,0,9975.0,210,,0,,0,9974.0,0.0,-5.0129082397603904e-05,0.9997776,
1114,1,55700,COCONUT,9973.0,100,9972.0,65,,0,9974.0,100,9975.0,65,,0,9973.5,0.0,-5.013159544856006e-05,0.9997772,
1116,1,55800,COCONUT,9972.0,101,9971.0,58,,0,9974.0,159,,0,,0,9973.0,0.0,-5.013410875133373e-05,0.9997768,
1119,1,55900,COCONUT,9971.0,134,9970.0,61,,0,9973.0,195,,0,,0,9972.0,0.0,-0.00010027575841944661,0.9997764,
1120,1,56000,COCONUT,9972.0,109,9971.0,60,,0,9973.0,109,9974.0,60,,0,9972.5,0.0,5.013913611309085e-05,0.999776,
1122,1,56100,COCONUT,9973.0,128,9972.0,69,,0,9975.0,197,,0,,0,9974.0,0.0,0.0001504023265062639,0.9997756000000001,
1124,1,56200,COCONUT,9973.0,139,9972.0,76,,0,9974.0,148,9975.0,76,,0,9973.5,0.0,-5.013159544856006e-05,0.9997752000000001,
1127,1,56300,COCONUT,9973.0,144,9972.0,68,,0,9974.0,144,9975.0,68,,0,9973.5,0.0,0.0,0.9997748000000001,
1129,1,56400,COCONUT,9970.0,106,9969.0,55,,0,9971.0,106,9972.0,55,,0,9970.5,0.0,-0.0003008423608731379,0.9997744000000001,
1130,1,56500,COCONUT,9971.0,108,9970.0,66,,0,9973.0,174,,0,,0,9972.0,0.0,0.0001504324937022512,0.999774,
1133,1,56600,COCONUT,9972.0,123,9971.0,49,,0,9973.0,123,9974.0,49,,0,9972.5,0.0,5.013913611309085e-05,0.9997736,
1135,1,56700,COCONUT,9969.0,125,9968.0,57,,0,9971.0,182,,0,,0,9970.0,0.0,-0.0002507208236777303,0.9997732,
1137,1,56800,COCONUT,9971.0,112,9970.0,54,,0,9972.0,112,9973.0,54,,0,9971.5,0.0,0.00015044003739230827,0.9997727999999999,
1138,1,56900,COCONUT,9971.0,103,9970.0,60,,0,9972.0,103,9973.0,60,,0,9971.5,0.0,0.0,0.9997723999999999,
1141,1,57000,COCONUT,9971.0,143,9970.0,78,,0,9972.0,143,9973.0,78,,0,9971.5,0.0,0.0,0.999772,
1143,1,57100,COCONUT,9969.0,115,9968.0,80,,0,9971.0,195,,0,,0,9970.0,0.0,-0.0001504400373923136,0.9997716,
1145,1,57200,COCONUT,9969.0,142,9968.0,58,,0,9970.0,142,9971.0,58,,0,9969.5,0.0,-5.01517089299673e-05,0.9997712,
1146,1,57300,COCONUT,9967.0,122,9966.0,63,,0,9968.0,122,9969.0,63,,0,9967.5,0.0,-0.00020063199144396292,0.9997708,
1149,1,57400,COCONUT,9966.0,181,,0,,0,9968.0,114,9969.0,67,,0,9967.0,0.0,-5.016428805380907e-05,0.9997704,
1151,1,57500,COCONUT,9967.0,199,,0,,0,9969.0,134,9970.0,65,,0,9968.0,0.0,0.00010032605977810159,0.9997699999999999,
1153,1,57600,COCONUT,9967.0,142,9966.0,47,,0,9968.0,142,9969.0,47,,0,9967.5,0.0,-5.016177172433976e-05,0.9997695999999999,
1154,1,57700,COCONUT,9965.0,113,9964.0,76,,0,9967.0,189,,0,,0,9966.0,0.0,-0.00015050041416016574,0.9997691999999999,
1157,1,57800,COCONUT,9966.0,146,9965.0,55,,0,9967.0,146,9968.0,55,,0,9966.5,0.0,5.016932147035449e-05,0.9997688,
1159,1,57900,COCONUT,9964.0,153,,0,,0,9966.0,106,9967.0,47,,0,9965.0,0.0,-0.00015051551592525376,0.9997684,
1161,1,58000,COCONUT,9964.0,207,,0,,0,9966.0,135,9967.0,70,,0,9965.0,0.0,0.0,0.999768,
1162,1,58100,COCONUT,9964.0,206,,0,,0,9966.0,130,9967.0,76,,0,9965.0,0.0,0.0,0.9997676,
1165,1,58200,COCONUT,9966.0,117,9965.0,50,,0,9967.0,117,9968.0,50,,0,9966.5,0.0,0.0001505155159252829,0.9997672,
1167,1,58300,COCONUT,9966.0,112,9965.0,77,,0,9967.0,112,9968.0,77,,0,9966.5,0.0,0.0,0.9997668,
1169,1,58400,COCONUT,9966.0,144,9965.0,76,,0,9968.0,220,,0,,0,9967.0,0.0,5.016680463598245e-05,0.9997663999999999,
1170,1,58500,COCONUT,9964.0,101,9963.0,80,,0,9966.0,181,,0,,0,9965.0,0.0,-0.00020068232056113196,0.9997659999999999,
1173,1,58600,COCONUT,9964.0,130,9963.0,47,,0,9966.0,177,,0,,0,9965.0,0.0,0.0,0.9997655999999999,
1175,1,58700,COCONUT,9964.0,115,9963.0,69,,0,9965.0,108,9966.0,69,,0,9964.5,0.0,-5.0176873489521614e-05,0.9997652,
1177,1,58800,COCONUT,9962.0,129,9961.0,40,,0,9963.0,129,9964.0,40,,0,9962.5,0.0,-0.00020073267493503894,0.9997648,
1178,1,58900,COCONUT,9962.0,110,9961.0,52,,0,9963.0,110,9964.0,52,,0,9962.5,0.0,0.0,0.9997644,
1181,1,59000,COCONUT,9962.0,187,,0,,0,9964.0,144,9965.0,43,,0,9963.0,0.0,5.018694638587762e-05,0.999764,
1183,1,59100,COCONUT,9961.0,117,9960.0,78,,0,9962.0,117,9963.0,78,,0,9961.5,0.0,-0.00015056839597824725,0.9997636,
1185,1,59200,COCONUT,9960.0,124,9959.0,66,,0,9961.0,124,9962.0,66,,0,9960.5,0.0,-0.00010039152703944377,0.9997632,
1186,1,59300,COCONUT,9960.0,108,9959.0,78,,0,9961.0,113,9962.0,78,,0,9960.5,0.0,0.0,0.9997628,
1189,1,59400,COCONUT,9960.0,150,9959.0,40,,0,9961.0,150,9962.0,40,,0,9960.5,0.0,0.0,0.9997623999999999,
1191,1,59500,COCONUT,9960.0,228,,0,,0,9962.0,148,9963.0,80,,0,9961.0,0.0,5.019702332696023e-05,0.9997619999999999,
1193,1,59600,COCONUT,9959.0,8,9958.0,155,,0,9960.0,110,9961.0,45,,0,9959.5,0.0,-0.00015059862983712757,0.9997616,
1194,1,59700,COCONUT,9957.0,190,,0,,0,9959.0,114,9960.0,76,,0,9958.0,0.0,-0.00015062131320057564,0.9997612,
1197,1,59800,COCONUT,9958.0,124,9957.0,71,,0,9959.0,117,9960.0,71,,0,9958.5,0.0,5.020962519577547e-05,0.9997608,
1199,1,59900,COCONUT,9956.0,124,9955.0,55,,0,9958.0,179,,0,,0,9957.0,0.0,-0.00015063643923939952,0.9997604,
1201,1,60000,COCONUT,9954.0,115,9953.0,72,,0,9956.0,187,,0,,0,9955.0,0.0,-0.00020088388978766744,0.99976,
1202,1,60100,COCONUT,9955.0,147,9954.0,54,,0,9956.0,147,9957.0,54,,0,9955.5,0.0,5.0224755792774494e-05,0.9997596,
1205,1,60200,COCONUT,9954.0,133,9953.0,75,,0,9955.0,133,9956.0,75,,0,9954.5,0.0,-0.00010045203423815764,0.9997592,
1207,1,60300,COCONUT,9955.0,202,,0,,0,9957.0,142,9958.0,60,,0,9956.0,0.0,0.0001506742676313867,0.9997588,
1209,1,60400,COCONUT,9955.0,115,9954.0,49,,0,9956.0,115,9957.0,49,,0,9955.5,0.0,-5.022223339327698e-05,0.9997584,
1210,1,60500,COCONUT,9955.0,142,9954.0,48,,0,9956.0,142,9957.0,48,,0,9955.5,0.0,0.0,0.999758,
1213,1,60600,COCONUT,9955.0,144,9954.0,61,,0,9957.0,205,,0,,0,9956.0,0.0,5.022223339327346e-05,0.9997576,
1215,1,60700,COCONUT,9955.0,201,,0,,0,9957.0,142,9958.0,59,,0,9956.0,0.0,0.0,0.9997572,
1217,1,60800,COCONUT,9956.0,126,9955.0,80,,0,9957.0,126,9958.0,80,,0,9956.5,0.0,5.0219711247106236e-05,0.9997568,
1219,1,60900,COCONUT,9957.0,120,9956.0,71,,0,9958.0,120,9959.0,71,,0,9957.5,0.0,0.00010043185706951216,0.9997564,
1220,1,61000,COCONUT,9956.0,129,9955.0,74,,0,9957.0,129,9958.0,74,,0,9956.5,0.0,-0.00010043185706940182,0.999756,
1223,1,61100,COCONUT,9956.0,125,9955.0,41,,0,9957.0,134,9958.0,41,,0,9956.5,0.0,0.0,0.9997556,
1225,1,61200,COCONUT,9954.0,151,,0,,0,9956.0,110,9957.0,41,,0,9955.0,0.0,-0.00015066670043314975,0.9997552,
1227,1,61300,COCONUT,9953.0,143,9952.0,69,,0,9954.0,143,9955.0,69,,0,9953.5,0.0,-0.00015068940430860596,0.9997548,
1228,1,61400,COCONUT,9952.0,116,9951.0,80,,0,9954.0,196,,0,,0,9953.0,0.0,-5.02348479245747e-05,0.9997544,
1230,1,61500,COCONUT,9951.0,144,9950.0,73,,0,9953.0,217,,0,,0,9952.0,0.0,-0.00010047726710286663,0.999754,
1232,1,61600,COCONUT,9952.0,190,,0,,0,9954.0,134,9955.0,59,,0,9953.0,0.0,0.0001004772671028336,0.9997536,
1235,1,61700,COCONUT,9953.0,106,9952.0,75,,0,9955.0,181,,0,,0,9954.0,0.0,0.00010046717243593822,0.9997532,
1236,1,61800,COCONUT,9952.0,199,,0,,0,9954.0,199,,0,,0,9953.0,0.0,-0.00010046717243599254,0.9997528,
1238,1,61900,COCONUT,9951.0,145,9950.0,53,,0,9952.0,136,9953.0,53,,0,9951.5,0.0,-0.00015071968678836574,0.9997524,
1240,1,62000,COCONUT,9950.0,102,9949.0,73,,0,9952.0,175,,0,,0,9951.0,0.0,-5.024494411308437e-05,0.999752,
1243,1,62100,COCONUT,9950.0,129,9949.0,70,,0,9952.0,199,,0,,0,9951.0,0.0,0.0,0.9997516000000001,
1244,1,62200,COCONUT,9950.0,108,9949.0,64,,0,9951.0,108,9952.0,64,,0,9950.5,0.0,-5.024746879428019e-05,0.9997512000000001,
1246,1,62300,COCONUT,9950.0,117,9949.0,59,,0,9951.0,117,9952.0,59,,0,9950.5,0.0,0.0,0.9997508,
1248,1,62400,COCONUT,9949.0,110,9948.0,76,,0,9951.0,186,,0,,0,9950.0,0.0,-5.0249993729292124e-05,0.9997504,
1251,1,62500,COCONUT,9949.0,5,9948.0,171,,0,9950.0,118,9951.0,53,,0,9949.5,0.0,-5.025251891812016e-05,0.99975,
1252,1,62600,COCONUT,9947.0,156,,0,,0,9949.0,105,9950.0,51,,0,9948.0,0.0,-0.000150772710425083,0.9997496,
1254,1,62700,COCONUT,9948.0,198,,0,,0,9950.0,146,9951.0,52,,0,9949.0,0.0,0.00010051766606445337,0.9997492,
1256,1,62800,COCONUT,9948.0,212,,0,,0,9950.0,133,9951.0,79,,0,9949.0,0.0,0.0,0.9997488,
1259,1,62900,COCONUT,9947.0,141,9946.0,56,,0,9948.0,141,9949.0,56,,0,9947.5,0.0,-0.00015078028827604154,0.9997484,
1260,1,63000,COCONUT,9948.0,128,9947.0,77,,0,9949.0,128,9950.0,77,,0,9948.5,0.0,0.00010052271821887287,0.9997480000000001,
1262,1,63100,COCONUT,9948.0,142,9947.0,80,,0,9949.0,142,9950.0,80,,0,9948.5,0.0,0.0,0.9997476000000001,
1264,1,63200,COCONUT,9945.0,184,,0,,0,9947.0,133,9948.0,51,,0,9946.0,0.0,-0.00025132574461881555,0.9997472000000001,
1267,1,63300,COCONUT,9945.0,144,9944.0,72,,0,9947.0,216,,0,,0,9946.0,0.0,0.0,0.9997468,
1268,1,63400,COCONUT,9946.0,110,9945.0,64,,0,9947.0,110,9948.0,64,,0,9946.5,0.0,5.027020234805684e-05,0.9997464,
1270,1,63500,COCONUT,9946.0,142,9945.0,56,,0,9948.0,198,,0,,0,9947.0,0.0,5.026767538188657e-05,0.999746,
1272,1,63600,COCONUT,9945.0,201,,0,,0,9947.0,126,9948.0,75,,0,9946.0,0.0,-0.00010053787773011071,0.9997456,
1275,1,63700,COCONUT,9945.0,109,9944.0,40,,0,9946.0,109,9947.0,40,,0,9945.5,0.0,-5.027272956845639e-05,0.9997452,
1276,1,63800,COCONUT,9943.0,176,,0,,0,9945.0,109,9946.0,67,,0,9944.0,0.0,-0.00015083335456840286,0.9997448000000001,
1278,1,63900,COCONUT,9945.0,121,9944.0,65,,0,9946.0,121,9947.0,65,,0,9945.5,0.0,0.00015083335456838814,0.9997444000000001,
1280,1,64000,COCONUT,9945.0,132,9944.0,51,,0,9947.0,183,,0,,0,9946.0,0.0,5.027272956844901e-05,0.9997440000000001,
1283,1,64100,COCONUT,9945.0,176,,0,,0,9947.0,102,9948.0,71,,0,9946.0,0.0,0.0,0.9997436000000001,
1284,1,64200,COCONUT,9946.0,207,,0,,0,9948.0,150,9949.0,57,,0,9947.0,0.0,0.00010053787773012215,0.9997432,
1286,1,64300,COCONUT,9946.0,133,9945.0,73,,0,9947.0,133,9948.0,73,,0,9946.5,0.0,-5.026767538189307e-05,0.9997428,
1288,1,64400,COCONUT,9944.0,111,9943.0,51,,0,9946.0,162,,0,,0,9945.0,0.0,-0.00015081818895939028,0.9997423999999999,
1291,1,64500,COCONUT,9943.0,198,,0,,0,9945.0,198,,0,,0,9944.0,0.0,-0.00010055809752553244,0.9997419999999999,
1292,1,64600,COCONUT,9943.0,191,,0,,0,9945.0,124,9946.0,67,,0,9944.0,0.0,0.0,0.9997415999999999,
1294,1,64700,COCONUT,9943.0,115,9942.0,42,,0,9944.0,115,9945.0,42,,0,9943.5,0.0,-5.028284099115156e-05,0.9997412,
1296,1,64800,COCONUT,9943.0,150,9942.0,44,,0,9944.0,150,9945.0,44,,0,9943.5,0.0,0.0,0.9997408,
1299,1,64900,COCONUT,9942.0,149,,0,,0,9944.0,103,9945.0,46,,0,9943.0,0.0,-5.028536948236494e-05,0.9997404,
1300,1,65000,COCONUT,9942.0,119,9941.0,72,,0,9944.0,191,,0,,0,9943.0,0.0,0.0,0.99974,
1302,1,65100,COCONUT,9943.0,120,9942.0,62,,0,9945.0,182,,0,,0,9944.0,0.0,0.00010056821047335195,0.9997396,
1304,1,65200,COCONUT,9943.0,117,9942.0,49,,0,9944.0,117,9945.0,49,,0,9943.5,0.0,-5.028284099115156e-05,0.9997391999999999,
1307,1,65300,COCONUT,9943.0,142,9942.0,77,,0,9945.0,219,,0,,0,9944.0,0.0,5.028284099112655e-05,0.9997387999999999,
1309,1,65400,COCONUT,9944.0,108,9943.0,74,,0,9945.0,108,9946.0,74,,0,9944.5,0.0,5.0280312754068804e-05,0.9997383999999999,
1310,1,65500,COCONUT,9943.0,131,9942.0,62,,0,9944.0,136,9945.0,62,,0,9943.5,0.0,-0.00010056315374525755,0.999738,
1313,1,65600,COCONUT,9942.0,149,9941.0,69,,0,9943.0,149,9944.0,69,,0,9942.5,0.0,-0.00010057326771027329,0.9997376,
1315,1,65700,COCONUT,9942.0,172,,0,,0,9944.0,126,9945.0,46,,0,9943.0,0.0,5.028789822790772e-05,0.9997372,
1317,1,65800,COCONUT,9945.0,129,9944.0,64,,0,9946.0,136,9947.0,64,,0,9945.5,0.0,0.0002514015650418998,0.9997368,
1318,1,65900,COCONUT,9943.0,110,9942.0,79,,0,9944.0,103,9945.0,79,,0,9943.5,0.0,-0.00020111619555952231,0.9997364,
1321,1,66000,COCONUT,9943.0,146,9942.0,68,,0,9944.0,146,9945.0,68,,0,9943.5,0.0,0.0,0.999736,
1323,1,66100,COCONUT,9943.0,116,9942.0,64,,0,9944.0,116,9945.0,64,,0,9943.5,0.0,0.0,0.9997356,
1325,1,66200,COCONUT,9944.0,146,9943.0,58,,0,9945.0,146,9946.0,58,,0,9944.5,0.0,0.00010056315374528136,0.9997351999999999,
1326,1,66300,COCONUT,9945.0,133,9944.0,63,,0,9946.0,133,9947.0,63,,0,9945.5,0.0,0.0001005530418141345,0.9997347999999999,
1329,1,66400,COCONUT,9945.0,102,9944.0,48,,0,9946.0,102,9947.0,48,,0,9945.5,0.0,0.0,0.9997344,
1331,1,66500,COCONUT,9946.0,164,,0,,0,9948.0,113,9949.0,51,,0,9947.0,0.0,0.00015081060729855642,0.999734,
1333,1,66600,COCONUT,9946.0,141,9945.0,80,,0,9947.0,141,9948.0,80,,0,9946.5,0.0,-5.026767538189307e-05,0.9997336,
1334,1,66700,COCONUT,9945.0,181,,0,,0,9947.0,107,9948.0,74,,0,9946.0,0.0,-5.027020234810012e-05,0.9997332,
1337,1,66800,COCONUT,9944.0,116,9943.0,77,,0,9946.0,193,,0,,0,9945.0,0.0,-0.0001005479866113146,0.9997328,
1339,1,66900,COCONUT,9943.0,122,9942.0,69,,0,9945.0,198,,0,,0,9944.0,0.0,-0.00010055809752553244,0.9997324,
1341,1,67000,COCONUT,9944.0,150,9943.0,61,,0,9945.0,142,9946.0,61,,0,9944.5,0.0,5.0280312754068804e-05,0.999732,
1342,1,67100,COCONUT,9946.0,139,9945.0,65,,0,9947.0,139,9948.0,65,,0,9946.5,0.0,0.00020109597373084537,0.9997315999999999,
1345,1,67200,COCONUT,9945.0,146,9944.0,47,,0,9947.0,193,,0,,0,9946.0,0.0,-5.027020234810012e-05,0.9997311999999999,
1347,1,67300,COCONUT,9946.0,123,9945.0,44,,0,9947.0,123,9948.0,44,,0,9946.5,0.0,5.027020234805684e-05,0.9997308,
1349,1,67400,COCONUT,9946.0,137,9945.0,44,,0,9948.0,181,,0,,0,9947.0,0.0,5.026767538188657e-05,0.9997304,
1350,1,67500,COCONUT,9946.0,126,9945.0,52,,0,9948.0,178,,0,,0,9947.0,0.0,0.0,0.99973,
1353,1,67600,COCONUT,9946.0,126,9945.0,60,,0,9947.0,126,9948.0,60,,0,9946.5,0.0,-5.026767538189307e-05,0.9997296,
1355,1,67700,COCONUT,9947.0,207,,0,,0,9949.0,129,9950.0,78,,0,9948.0,0.0,0.00015079544626334944,0.9997292,
1357,1,67800,COCONUT,9948.0,142,9947.0,60,,0,9950.0,202,,0,,0,9949.0,0.0,0.00010051766606445337,0.9997288,
1358,1,67900,COCONUT,9949.0,106,9948.0,50,,0,9951.0,156,,0,,0,9950.0,0.0,0.00010050756327883271,0.9997284,
1361,1,68000,COCONUT,9950.0,136,9949.0,74,,0,9952.0,210,,0,,0,9951.0,0.0,0.00010049746252372586,0.999728,
1363,1,68100,COCONUT,9951.0,111,9950.0,43,,0,9952.0,111,9953.0,43,,0,9951.5,0.0,5.0244944113018276e-05,0.9997276,
1365,1,68200,COCONUT,9950.0,138,9949.0,58,,0,9951.0,138,9952.0,58,,0,9950.5,0.0,-0.00010049241290743067,0.9997272,
1366,1,68300,COCONUT,9950.0,111,9949.0,75,,0,9952.0,186,,0,,0,9951.0,0.0,5.024746879429976e-05,0.9997268,
1369,1,68400,COCONUT,9951.0,136,9950.0,50,,0,9952.0,136,9953.0,50,,0,9951.5,0.0,5.0244944113018276e-05,0.9997264,
1371,1,68500,COCONUT,9954.0,124,9953.0,76,,0,9955.0,124,9956.0,76,,0,9954.5,0.0,0.00030141666057609235,0.999726,
1373,1,68600,COCONUT,9954.0,116,9953.0,65,,0,9956.0,181,,0,,0,9955.0,0.0,5.02272784453873e-05,0.9997256,
1374,1,68700,COCONUT,9954.0,9,9953.0,219,,0,9955.0,140,9956.0,79,,0,9954.5,0.0,-5.022727844545806e-05,0.9997252,
1377,1,68800,COCONUT,9954.0,103,9953.0,48,,0,9956.0,151,,0,,0,9955.0,0.0,5.02272784453873e-05,0.9997248,
1379,1,68900,COCONUT,9955.0,164,,0,,0,9957.0,117,9958.0,47,,0,9956.0,0.0,0.00010044698918591888,0.9997244,
1381,1,69000,COCONUT,9955.0,113,9954.0,55,,0,9956.0,113,9957.0,55,,0,9955.5,0.0,-5.022223339327698e-05,0.9997240000000001,
1382,1,69100,COCONUT,9954.0,110,9953.0,59,,0,9955.0,120,9956.0,59,,0,9954.5,0.0,-0.00010045203423815764,0.9997236,
1385,1,69200,COCONUT,9955.0,129,9954.0,76,,0,9956.0,129,9957.0,76,,0,9955.5,0.0,0.00010045203423820204,0.9997232,
1387,1,69300,COCONUT,9953.0,167,,0,,0,9955.0,111,9956.0,56,,0,9954.0,0.0,-0.00015068183558985304,0.9997228,
1389,1,69400,COCONUT,9952.0,197,,0,,0,9954.0,132,9955.0,65,,0,9953.0,0.0,-0.00010046717243599254,0.9997224,
1390,1,69500,COCONUT,9953.0,111,9952.0,78,,0,9954.0,111,9955.0,78,,0,9953.5,0.0,5.023484792456074e-05,0.999722,
1393,1,69600,COCONUT,9954.0,208,,0,,0,9956.0,150,9957.0,58,,0,9955.0,0.0,0.0001506894043084797,0.9997216,
1395,1,69700,COCONUT,9954.0,129,9953.0,47,,0,9955.0,129,9956.0,47,,0,9954.5,0.0,-5.022727844545806e-05,0.9997212,
1397,1,69800,COCONUT,9954.0,138,9953.0,76,,0,9955.0,131,9956.0,76,,0,9954.5,0.0,0.0,0.9997208000000001,
1399,1,69900,COCONUT,9953.0,97,9952.0,71,,0,9955.0,176,,0,,0,9954.0,0.0,-5.0229801351717605e-05,0.9997204000000001,
1400,1,70000,COCONUT,9953.0,119,9952.0,77,,0,9954.0,119,9955.0,77,,0,9953.5,0.0,-5.023232451134913e-05,0.99972,
1403,1,70100,COCONUT,9953.0,114,9952.0,47,,0,9955.0,161,,0,,0,9954.0,0.0,5.0232324511280426e-05,0.9997196,
1405,1,70200,COCONUT,9952.0,102,9951.0,56,,0,9953.0,102,9954.0,56,,0,9952.5,0.0,-0.00015070454402724747,0.9997192,
1407,1,70300,COCONUT,9951.0,128,9950.0,54,,0,9952.0,119,9953.0,54,,0,9951.5,0.0,-0.00010048231519708763,0.9997188,
1408,1,70400,COCONUT,9951.0,205,,0,,0,9953.0,150,9954.0,55,,0,9952.0,0.0,5.024241968551464e-05,0.9997184,
1410,1,70500,COCONUT,9951.0,164,,0,,0,9953.0,123,9954.0,41,,0,9952.0,0.0,0.0,0.999718,
1412,1,70600,COCONUT,9953.0,122,9952.0,61,,0,9954.0,122,9955.0,61,,0,9953.5,0.0,0.00015071211502737784,0.9997176,
1415,1,70700,COCONUT,9954.0,8,9953.0,185,,0,9955.0,129,9956.0,56,,0,9954.5,0.0,0.0001004621258631007,0.9997172000000001,
1416,1,70800,COCONUT,9954.0,145,9953.0,61,,0,9955.0,145,9956.0,61,,0,9954.5,0.0,0.0,0.9997168000000001,
1418,1,70900,COCONUT,9953.0,222,,0,,0,9955.0,145,9956.0,77,,0,9954.0,0.0,-5.0229801351717605e-05,0.9997164000000001,
1420,1,71000,COCONUT,9953.0,138,9952.0,64,,0,9955.0,202,,0,,0,9954.0,0.0,0.0,0.999716,
1423,1,71100,COCONUT,9954.0,122,9953.0,47,,0,9955.0,122,9956.0,47,,0,9954.5,0.0,5.0229801351777974e-05,0.9997156,
1424,1,71200,COCONUT,9954.0,124,9953.0,71,,0,9956.0,195,,0,,0,9955.0,0.0,5.02272784453873e-05,0.9997152,
1426,1,71300,COCONUT,9954.0,132,9953.0,59,,0,9955.0,132,9956.0,59,,0,9954.5,0.0,-5.022727844545806e-05,0.9997148,
1428,1,71400,COCONUT,9955.0,130,9954.0,43,,0,9956.0,136,9957.0,43,,0,9955.5,0.0,0.00010045203423820204,0.9997144,
1431,1,71500,COCONUT,9955.0,140,9954.0,66,,0,9956.0,140,9957.0,66,,0,9955.5,0.0,0.0,0.9997140000000001,
1432,1,71600,COCONUT,9955.0,175,,0,,0,9957.0,133,9958.0,42,,0,9956.0,0.0,5.022223339327346e-05,0.9997136000000001,
1434,1,71700,COCONUT,9955.0,104,9954.0,74,,0,9956.0,104,9957.0,74,,0,9955.5,0.0,-5.022223339327698e-05,0.9997132000000001,
1436,1,71800,COCONUT,9956.0,139,9955.0,56,,0,9958.0,203,,0,,0,9957.0,0.0,0.00015065913399495137,0.9997128000000001,
1439,1,71900,COCONUT,9956.0,132,9955.0,61,,0,9957.0,132,9958.0,61,,0,9956.5,0.0,-5.0217189354472806e-05,0.9997124000000001,
1440,1,72000,COCONUT,9956.0,107,9955.0,43,,0,9957.0,107,9958.0,43,,0,9956.5,0.0,0.0,0.9997119999999999,
1442,1,72100,COCONUT,9956.0,146,9955.0,61,,0,9957.0,146,9958.0,61,,0,9956.5,0.0,0.0,0.9997115999999999,
1444,1,72200,COCONUT,9953.0,182,,0,,0,9955.0,128,9956.0,54,,0,9954.0,0.0,-0.00025112378023038265,0.9997111999999999,
1447,1,72300,COCONUT,9954.0,128,9953.0,75,,0,9955.0,128,9956.0,75,,0,9954.5,0.0,5.0229801351777974e-05,0.9997107999999999,
1448,1,72400,COCONUT,9953.0,112,9952.0,51,,0,9954.0,112,9955.0,51,,0,9953.5,0.0,-0.00010046212586311737,0.9997104,
1450,1,72500,COCONUT,9954.0,123,9953.0,63,,0,9955.0,123,9956.0,63,,0,9954.5,0.0,0.0001004621258631007,0.99971,
1452,1,72600,COCONUT,9954.0,107,9953.0,77,,0,9956.0,184,,0,,0,9955.0,0.0,5.02272784453873e-05,0.9997096,
1455,1,72700,COCONUT,9955.0,127,9954.0,73,,0,9957.0,200,,0,,0,9956.0,0.0,0.00010044698918591888,0.9997092,
1456,1,72800,COCONUT,9956.0,137,9955.0,52,,0,9957.0,137,9958.0,52,,0,9956.5,0.0,5.0219711247106236e-05,0.9997088,
1458,1,72900,COCONUT,9956.0,121,9955.0,63,,0,9958.0,184,,0,,0,9957.0,0.0,5.0217189354494856e-05,0.9997083999999999,
1460,1,73000,COCONUT,9955.0,173,,0,,0,9957.0,100,9958.0,73,,0,9956.0,0.0,-0.00010043690060169516,0.9997079999999999,
1463,1,73100,COCONUT,9955.0,94,9954.0,76,,0,9957.0,179,,0,,0,9956.0,0.0,0.0,0.9997075999999999,
1464,1,73200,COCONUT,9955.0,129,9954.0,72,,0,9956.0,129,9957.0,72,,0,9955.5,0.0,-5.022223339327698e-05,0.9997071999999999,
1466,1,73300,COCONUT,9955.0,139,9954.0,61,,0,9957.0,200,,0,,0,9956.0,0.0,5.022223339327346e-05,0.9997068,
1468,1,73400,COCONUT,9955.0,127,9954.0,49,,0,9956.0,127,9957.0,49,,0,9955.5,0.0,-5.022223339327698e-05,0.9997064,
1471,1,73500,COCONUT,9956.0,101,9955.0,72,,0,9958.0,173,,0,,0,9957.0,0.0,0.00015065913399495137,0.999706,
1472,1,73600,COCONUT,9956.0,189,,0,,0,9958.0,149,9959.0,40,,0,9957.0,0.0,0.0,0.9997056,
1474,1,73700,COCONUT,9956.0,175,,0,,0,9958.0,112,9959.0,63,,0,9957.0,0.0,0.0,0.9997052,
1476,1,73800,COCONUT,9958.0,112,9957.0,62,,0,9959.0,112,9960.0,62,,0,9958.5,0.0,0.00015063643923945045,0.9997048,
1479,1,73900,COCONUT,9959.0,147,9958.0,66,,0,9960.0,147,9961.0,66,,0,9959.5,0.0,0.00010041168800489557,0.9997043999999999,
1480,1,74000,COCONUT,9959.0,115,9958.0,42,,0,9960.0,115,9961.0,42,,0,9959.5,0.0,0.0,0.9997039999999999,
1482,1,74100,COCONUT,9958.0,189,,0,,0,9960.0,106,9961.0,80,,0,9959.0,0.0,-5.020458368908481e-05,0.9997036,
1485,1,74200,COCONUT,9958.0,172,,0,,0,9960.0,120,9961.0,52,,0,9959.0,0.0,0.0,0.9997032,
1487,1,74300,COCONUT,9959.0,133,9958.0,55,,0,9961.0,188,,0,,0,9960.0,0.0,0.00010040664700431604,0.9997028,
1489,1,74400,COCONUT,9960.0,145,9959.0,80,,0,9961.0,145,9962.0,80,,0,9960.5,0.0,5.0199543194677327e-05,0.9997024,
1490,1,74500,COCONUT,9961.0,158,9960.0,55,,0,9962.0,150,9963.0,55,,0,9961.5,0.0,0.00010039152703946823,0.999702,
1493,1,74600,COCONUT,9962.0,180,,0,,0,9964.0,106,9965.0,74,,0,9963.0,0.0,0.00015056839597820743,0.9997016,
1495,1,74700,COCONUT,9964.0,110,9963.0,71,,0,9965.0,110,9966.0,71,,0,9964.5,0.0,0.00015054572854933537,0.9997012,
1497,1,74800,COCONUT,9961.0,178,,0,,0,9962.0,8,9963.0,129,9964.0,49,9961.5,0.0,-0.0003011141245274434,0.9997008,
1498,1,74900,COCONUT,9963.0,150,9962.0,75,,0,9964.0,150,9965.0,75,,0,9963.5,0.0,0.0002007528237608035,0.9997003999999999,
1501,1,75000,COCONUT,9963.0,110,9962.0,79,,0,9964.0,117,9965.0,79,,0,9963.5,0.0,0.0,0.9997,
1503,1,75100,COCONUT,9963.0,137,9962.0,66,,0,9965.0,203,,0,,0,9964.0,0.0,5.0181909432230856e-05,0.9996996,
1505,1,75200,COCONUT,9962.0,143,9961.0,44,,0,9964.0,187,,0,,0,9963.0,0.0,-0.00010036633721479429,0.9996992,
1506,1,75300,COCONUT,9964.0,122,9963.0,51,,0,9965.0,122,9966.0,51,,0,9964.5,0.0,0.00015054572854933537,0.9996988,
1509,1,75400,COCONUT,9961.0,118,9960.0,44,,0,9963.0,162,,0,,0,9962.0,0.0,-0.0002509221401768694,0.9996984,
1511,1,75500,COCONUT,9960.0,164,,0,,0,9962.0,111,9963.0,53,,0,9961.0,0.0,-0.0001003864880629706,0.999698,
1513,1,75600,COCONUT,9960.0,104,9959.0,69,,0,9962.0,173,,0,,0,9961.0,0.0,0.0,0.9996976,
1514,1,75700,COCONUT,9960.0,101,9959.0,55,,0,9962.0,156,,0,,0,9961.0,0.0,0.0,0.9996972,
1517,1,75800,COCONUT,9958.0,113,9957.0,52,,0,9960.0,165,,0,,0,9959.0,0.0,-0.00020080321352613405,0.9996968,
1519,1,75900,COCONUT,9958.0,168,,0,,0,9959.0,9,9960.0,108,9961.0,60,9958.5,0.0,-5.0207104315773754e-05,0.9996964,
1521,1,76000,COCONUT,9959.0,133,9958.0,73,,0,9960.0,133,9961.0,73,,0,9959.5,0.0,0.00010041168800489557,0.999696,
1522,1,76100,COCONUT,9959.0,166,,0,,0,9961.0,106,9962.0,60,,0,9960.0,0.0,5.020206331528418e-05,0.9996956,
1525,1,76200,COCONUT,9956.0,175,,0,,0,9958.0,118,9959.0,57,,0,9957.0,0.0,-0.00030125019055959586,0.9996952,
1527,1,76300,COCONUT,9956.0,108,9955.0,45,,0,9957.0,108,9958.0,45,,0,9956.5,0.0,-5.0217189354472806e-05,0.9996948,
1529,1,76400,COCONUT,9956.0,140,9955.0,70,,0,9958.0,210,,0,,0,9957.0,0.0,5.0217189354494856e-05,0.9996944,
1530,1,76500,COCONUT,9957.0,140,9956.0,74,,0,9958.0,140,9959.0,74,,0,9957.5,0.0,5.021466771499526e-05,0.999694,
1533,1,76600,COCONUT,9957.0,133,9956.0,57,,0,9959.0,190,,0,,0,9958.0,0.0,5.021214632882947e-05,0.9996936,
1535,1,76700,COCONUT,9959.0,129,9958.0,73,,0,9960.0,129,9961.0,73,,0,9959.5,0.0,0.00015062131320055266,0.9996932000000001,
1537,1,76800,COCONUT,9959.0,131,9958.0,47,,0,9960.0,131,9961.0,47,,0,9959.5,0.0,0.0,0.9996928,
1538,1,76900,COCONUT,9957.0,183,,0,,0,9959.0,136,9960.0,47,,0,9958.0,0.0,-0.00015062131320057564,0.9996924,
1541,1,77000,COCONUT,9958.0,101,9957.0,43,,0,9959.0,101,9960.0,43,,0,9958.5,0.0,5.020962519577547e-05,0.999692,
1543,1,77100,COCONUT,9957.0,152,,0,,0,9959.0,110,9960.0,42,,0,9958.0,0.0,-5.020962519572364e-05,0.9996916,
1545,1,77200,COCONUT,9958.0,127,9957.0,61,,0,9959.0,135,9960.0,61,,0,9958.5,0.0,5.020962519577547e-05,0.9996912,
1546,1,77300,COCONUT,9957.0,128,9956.0,59,,0,9958.0,128,9959.0,59,,0,9957.5,0.0,-0.00010042177152449526,0.9996908,
1549,1,77400,COCONUT,9956.0,122,9955.0,61,,0,9958.0,183,,0,,0,9957.0,0.0,-5.0214667714962135e-05,0.9996904,
1551,1,77500,COCONUT,9955.0,127,9954.0,59,,0,9957.0,186,,0,,0,9956.0,0.0,-0.00010043690060169516,0.9996900000000001,
1553,1,77600,COCONUT,9955.0,111,9954.0,64,,0,9956.0,111,9957.0,64,,0,9955.5,0.0,-5.022223339327698e-05,0.9996896000000001,
1554,1,77700,COCONUT,9954.0,96,9953.0,43,,0,9955.0,102,9956.0,43,,0,9954.5,0.0,-0.00010045203423815764,0.9996892000000001,
1557,1,77800,COCONUT,9955.0,144,9954.0,62,,0,9956.0,144,9957.0,62,,0,9955.5,0.0,0.00010045203423820204,0.9996888,
1559,1,77900,COCONUT,9955.0,114,9954.0,47,,0,9956.0,107,9957.0,47,,0,9955.5,0.0,0.0,0.9996884,
1561,1,78000,COCONUT,9954.0,145,9953.0,42,,0,9955.0,145,9956.0,42,,0,9954.5,0.0,-0.00010045203423815764,0.999688,
1562,1,78100,COCONUT,9954.0,149,9953.0,78,,0,9955.0,149,9956.0,78,,0,9954.5,0.0,0.0,0.9996876,
1565,1,78200,COCONUT,9954.0,124,9953.0,73,,0,9955.0,124,9956.0,73,,0,9954.5,0.0,0.0,0.9996872,
1567,1,78300,COCONUT,9956.0,131,9955.0,46,,0,9957.0,131,9958.0,46,,0,9956.5,0.0,0.00020089397887873363,0.9996868,
1569,1,78400,COCONUT,9956.0,100,9955.0,68,,0,9958.0,168,,0,,0,9957.0,0.0,5.0217189354494856e-05,0.9996864000000001,
1570,1,78500,COCONUT,9956.0,127,9955.0,67,,0,9957.0,127,9958.0,67,,0,9956.5,0.0,-5.0217189354472806e-05,0.9996860000000001,
1573,1,78600,COCONUT,9954.0,126,9953.0,61,,0,9956.0,187,,0,,0,9955.0,0.0,-0.00015066670043314975,0.9996856000000001,
1575,1,78700,COCONUT,9954.0,101,9953.0,62,,0,9955.0,101,9956.0,62,,0,9954.5,0.0,-5.022727844545806e-05,0.9996852,
1577,1,78800,COCONUT,9954.0,112,9953.0,59,,0,9956.0,171,,0,,0,9955.0,0.0,5.02272784453873e-05,0.9996848,
1579,1,78900,COCONUT,9955.0,107,9954.0,60,,0,9956.0,107,9957.0,60,,0,9955.5,0.0,5.0224755792774494e-05,0.9996844,
1580,1,79000,COCONUT,9954.0,138,9953.0,69,,0,9955.0,138,9956.0,69,,0,9954.5,0.0,-0.00010045203423815764,0.999684,
1582,1,79100,COCONUT,9954.0,146,9953.0,59,,0,9955.0,146,9956.0,59,,0,9954.5,0.0,0.0,0.9996836,
1584,1,79200,COCONUT,9953.0,147,9952.0,54,,0,9955.0,201,,0,,0,9954.0,0.0,-5.0229801351717605e-05,0.9996832000000001,
1587,1,79300,COCONUT,9953.0,121,9952.0,73,,0,9955.0,201,,0,,0,9954.0,0.0,0.0,0.9996828000000001,
1588,1,79400,COCONUT,9953.0,156,,0,,0,9955.0,111,9956.0,45,,0,9954.0,0.0,0.0,0.9996824000000001,
1590,1,79500,COCONUT,9953.0,120,9952.0,61,,0,9954.0,120,9955.0,61,,0,9953.5,0.0,-5.023232451134913e-05,0.9996820000000001,
1592,1,79600,COCONUT,9952.0,175,,0,,0,9954.0,131,9955.0,44,,0,9953.0,0.0,-5.02348479245747e-05,0.9996816,
1595,1,79700,COCONUT,9951.0,146,,0,,0,9953.0,103,9954.0,43,,0,9952.0,0.0,-0.00010047726710286663,0.9996811999999999,
1596,1,79800,COCONUT,9950.0,187,,0,,0,9952.0,133,9953.0,54,,0,9951.0,0.0,-0.00010048736379853495,0.9996807999999999,
1598,1,79900,COCONUT,9951.0,150,,0,,0,9953.0,101,9954.0,49,,0,9952.0,0.0,0.00010048736379846682,0.9996803999999999,
1600,1,80000,COCONUT,9954.0,131,9953.0,52,,0,9955.0,131,9956.0,52,,0,9954.5,0.0,0.00025117424089041764,0.9996799999999999,
1603,1,80100,COCONUT,9955.0,148,9954.0,44,,0,9957.0,192,,0,,0,9956.0,0.0,0.0001506742676313867,0.9996796,
1604,1,80200,COCONUT,9954.0,131,9953.0,43,,0,9955.0,131,9956.0,43,,0,9954.5,0.0,-0.0001506742676314417,0.9996792,
1606,1,80300,COCONUT,9955.0,114,9954.0,80,,0,9957.0,194,,0,,0,9956.0,0.0,0.0001506742676313867,0.9996788,
1608,1,80400,COCONUT,9955.0,120,9954.0,78,,0,9957.0,198,,0,,0,9956.0,0.0,0.0,0.9996784,
1611,1,80500,COCONUT,9955.0,113,9954.0,59,,0,9957.0,172,,0,,0,9956.0,0.0,0.0,0.999678,
1612,1,80600,COCONUT,9956.0,127,9955.0,62,,0,9957.0,127,9958.0,62,,0,9956.5,0.0,5.0219711247106236e-05,0.9996775999999999,
1614,1,80700,COCONUT,9956.0,204,,0,,0,9957.0,6,9958.0,149,9959.0,55,9956.5,0.0,0.0,0.9996771999999999,
1616,1,80800,COCONUT,9956.0,193,,0,,0,9958.0,118,9959.0,75,,0,9957.0,0.0,5.0217189354494856e-05,0.9996767999999999,
1619,1,80900,COCONUT,9957.0,157,,0,,0,9959.0,109,9960.0,48,,0,9958.0,0.0,0.00010042681404374683,0.9996763999999999,
1620,1,81000,COCONUT,9957.0,130,9956.0,70,,0,9959.0,200,,0,,0,9958.0,0.0,0.0,0.999676,
1622,1,81100,COCONUT,9958.0,102,9957.0,47,,0,9960.0,149,,0,,0,9959.0,0.0,0.00010041672951143852,0.9996756,
1624,1,81200,COCONUT,9959.0,159,,0,,0,9961.0,105,9962.0,54,,0,9960.0,0.0,0.00010040664700431604,0.9996752,
1627,1,81300,COCONUT,9957.0,133,9956.0,64,,0,9958.0,133,9959.0,64,,0,9957.5,0.0,-0.00025103552284462955,0.9996748,
1628,1,81400,COCONUT,9957.0,140,9956.0,52,,0,9959.0,192,,0,,0,9958.0,0.0,5.021214632882947e-05,0.9996744,
1630,1,81500,COCONUT,9958.0,181,,0,,0,9960.0,103,9961.0,78,,0,9959.0,0.0,0.00010041672951143852,0.999674,
1632,1,81600,COCONUT,9958.0,181,,0,,0,9960.0,133,9961.0,48,,0,9959.0,0.0,0.0,0.9996735999999999,
1635,1,81700,COCONUT,9958.0,147,9957.0,40,,0,9960.0,187,,0,,0,9959.0,0.0,0.0,0.9996731999999999,
1636,1,81800,COCONUT,9958.0,133,9957.0,66,,0,9959.0,123,9960.0,66,,0,9958.5,0.0,-5.0207104315773754e-05,0.9996728,
1638,1,81900,COCONUT,9958.0,136,9957.0,76,,0,9959.0,136,9960.0,76,,0,9958.5,0.0,0.0,0.9996724,
1640,1,82000,COCONUT,9959.0,146,9958.0,73,,0,9960.0,146,9961.0,73,,0,9959.5,0.0,0.00010041168800489557,0.999672,
1643,1,82100,COCONUT,9957.0,205,,0,,0,9959.0,134,9960.0,71,,0,9958.0,0.0,-0.00015062131320057564,0.9996716,
1644,1,82200,COCONUT,9958.0,203,,0,,0,9960.0,130,9961.0,73,,0,9959.0,0.0,0.00010041672951143852,0.9996712,
1646,1,82300,COCONUT,9958.0,197,,0,,0,9960.0,146,9961.0,51,,0,9959.0,0.0,0.0,0.9996708,
1648,1,82400,COCONUT,9960.0,142,9959.0,75,,0,9961.0,142,9962.0,75,,0,9960.5,0.0,0.00015060619019898285,0.9996704,
1651,1,82500,COCONUT,9959.0,217,,0,,0,9961.0,147,9962.0,70,,0,9960.0,0.0,-5.019954319471253e-05,0.99967,
1652,1,82600,COCONUT,9961.0,143,9960.0,64,,0,9963.0,202,,0,,0,9962.0,0.0,0.0002007830545846916,0.9996695999999999,
1654,1,82700,COCONUT,9962.0,123,9961.0,54,,0,9963.0,123,9964.0,54,,0,9962.5,0.0,5.0189465241813624e-05,0.9996692,
1656,1,82800,COCONUT,9962.0,109,9961.0,52,,0,9963.0,109,9964.0,52,,0,9962.5,0.0,0.0,0.9996688,
1659,1,82900,COCONUT,9961.0,105,9960.0,50,,0,9963.0,160,,0,,0,9962.0,0.0,-5.018946524176835e-05,0.9996684,
1660,1,83000,COCONUT,9960.0,110,9959.0,76,,0,9961.0,102,9962.0,76,,0,9960.5,0.0,-0.00015058351139005837,0.999668,
1662,1,83100,COCONUT,9958.0,121,9957.0,59,,0,9960.0,180,,0,,0,9959.0,0.0,-0.00015060619019911998,0.9996676,
1665,1,83200,COCONUT,9956.0,213,,0,,0,9958.0,145,9959.0,68,,0,9957.0,0.0,-0.00020084354355521682,0.9996672,
1667,1,83300,COCONUT,9958.0,110,9957.0,75,,0,9960.0,185,,0,,0,9959.0,0.0,0.00020084354355526365,0.9996668,
1669,1,83400,COCONUT,9960.0,206,,0,,0,9962.0,128,9963.0,78,,0,9961.0,0.0,0.0002008032135262304,0.9996664,
1670,1,83500,COCONUT,9962.0,182,,0,,0,9964.0,103,9965.0,79,,0,9963.0,0.0,0.00020076289969069494,0.999666,
1673,1,83600,COCONUT,9961.0,190,,0,,0,9963.0,128,9964.0,62,,0,9962.0,0.0,-0.00010037641162759457,0.9996656,
1675,1,83700,COCONUT,9962.0,117,9961.0,49,,0,9963.0,117,9964.0,49,,0,9962.5,0.0,5.0189465241813624e-05,0.9996652,
1677,1,83800,COCONUT,9961.0,110,9960.0,46,,0,9962.0,110,9963.0,46,,0,9961.5,0.0,-0.00010038144959239122,0.9996648,
1678,1,83900,COCONUT,9959.0,128,9958.0,45,,0,9960.0,128,9961.0,45,,0,9959.5,0.0,-0.00020079313354949075,0.9996644,
1681,1,84000,COCONUT,9957.0,194,,0,,0,9959.0,143,9960.0,51,,0,9958.0,0.0,-0.00015062131320057564,0.999664,
1683,1,84100,COCONUT,9955.0,146,9954.0,47,,0,9957.0,193,,0,,0,9956.0,0.0,-0.0002008637146453964,0.9996636,
1685,1,84200,COCONUT,9956.0,146,9955.0,80,,0,9958.0,226,,0,,0,9957.0,0.0,0.00010043690060168496,0.9996632,
1686,1,84300,COCONUT,9956.0,104,9955.0,44,,0,9957.0,104,9958.0,44,,0,9956.5,0.0,-5.0217189354472806e-05,0.9996628,
1689,1,84400,COCONUT,9956.0,116,9955.0,53,,0,9957.0,116,9958.0,53,,0,9956.5,0.0,0.0,0.9996624000000001,
1691,1,84500,COCONUT,9955.0,180,,0,,0,9957.0,129,9958.0,51,,0,9956.0,0.0,-5.021971124724442e-05,0.999662,
1693,1,84600,COCONUT,9956.0,127,9955.0,55,,0,9957.0,127,9958.0,55,,0,9956.5,0.0,5.0219711247106236e-05,0.9996616,
1694,1,84700,COCONUT,9955.0,183,,0,,0,9957.0,142,9958.0,41,,0,9956.0,0.0,-5.021971124724442e-05,0.9996612,
1697,1,84800,COCONUT,9955.0,133,9954.0,80,,0,9957.0,213,,0,,0,9956.0,0.0,0.0,0.9996608,
1699,1,84900,COCONUT,9955.0,208,,0,,0,9957.0,138,9958.0,70,,0,9956.0,0.0,0.0,0.9996604,
1701,1,85000,COCONUT,9955.0,139,9954.0,68,,0,9957.0,202,,0,,0,9956.0,0.0,0.0,0.99966,
1702,1,85100,COCONUT,9955.0,150,9954.0,55,,0,9957.0,205,,0,,0,9956.0,0.0,0.0,0.9996596,
1705,1,85200,COCONUT,9955.0,110,9954.0,67,,0,9956.0,110,9957.0,67,,0,9955.5,0.0,-5.022223339327698e-05,0.9996592000000001,
1707,1,85300,COCONUT,9954.0,138,9953.0,51,,0,9955.0,138,9956.0,51,,0,9954.5,0.0,-0.00010045203423815764,0.9996588000000001,
1709,1,85400,COCONUT,9954.0,118,9953.0,52,,0,9955.0,118,9956.0,52,,0,9954.5,0.0,0.0,0.9996584000000001,
1710,1,85500,COCONUT,9952.0,93,9951.0,74,,0,9954.0,176,,0,,0,9953.0,0.0,-0.00015069697378758938,0.999658,
1713,1,85600,COCONUT,9953.0,109,9952.0,47,,0,9955.0,149,,0,,0,9954.0,0.0,0.00010046717243593822,0.9996576,
1715,1,85700,COCONUT,9952.0,154,9951.0,48,,0,9954.0,194,,0,,0,9953.0,0.0,-0.00010046717243599254,0.9996572,
1717,1,85800,COCONUT,9954.0,122,9953.0,44,,0,9955.0,114,9956.0,44,,0,9954.5,0.0,0.00015069697378763353,0.9996568,
1718,1,85900,COCONUT,9953.0,139,9952.0,47,,0,9954.0,139,9955.0,47,,0,9953.5,0.0,-0.00010046212586311737,0.9996564,
1721,1,86000,COCONUT,9953.0,210,,0,,0,9955.0,150,9956.0,60,,0,9954.0,0.0,5.0232324511280426e-05,0.999656,
1723,1,86100,COCONUT,9953.0,105,9952.0,69,,0,9954.0,105,9955.0,69,,0,9953.5,0.0,-5.023232451134913e-05,0.9996556000000001,
1725,1,86200,COCONUT,9953.0,224,,0,,0,9955.0,145,9956.0,79,,0,9954.0,0.0,5.0232324511280426e-05,0.9996552000000001,
1726,1,86300,COCONUT,9951.0,144,9950.0,72,,0,9952.0,144,9953.0,72,,0,9951.5,0.0,-0.0002511868592242732,0.9996548000000001,
1729,1,86400,COCONUT,9950.0,132,9949.0,54,,0,9951.0,132,9952.0,54,,0,9950.5,0.0,-0.00010049241290743067,0.9996544,
1731,1,86500,COCONUT,9950.0,113,9949.0,62,,0,9952.0,181,,0,,0,9951.0,0.0,5.024746879429976e-05,0.999654,
1733,1,86600,COCONUT,9949.0,5,9948.0,217,,0,9950.0,143,9951.0,74,,0,9949.5,0.0,-0.00015074998144169738,0.9996536,
1734,1,86700,COCONUT,9950.0,116,9949.0,56,,0,9951.0,116,9952.0,56,,0,9950.5,0.0,0.00010050251264740956,0.9996532,
1737,1,86800,COCONUT,9948.0,142,9947.0,73,,0,9949.0,142,9950.0,73,,0,9948.5,0.0,-0.00020101512706511185,0.9996528,
1739,1,86900,COCONUT,9949.0,133,9948.0,49,,0,9950.0,133,9951.0,49,,0,9949.5,0.0,0.00010051261441777331,0.9996524,
1741,1,87000,COCONUT,9947.0,139,9946.0,52,,0,9948.0,130,9949.0,52,,0,9947.5,0.0,-0.00020103533263666467,0.9996520000000001,
1742,1,87100,COCONUT,9947.0,157,,0,,0,9949.0,116,9950.0,41,,0,9948.0,0.0,5.026262221154567e-05,0.9996516000000001,
1745,1,87200,COCONUT,9950.0,110,9949.0,74,,0,9951.0,110,9952.0,74,,0,9950.5,0.0,0.0002512752230725517,0.9996512,
1747,1,87300,COCONUT,9950.0,108,9949.0,47,,0,9951.0,108,9952.0,47,,0,9950.5,0.0,0.0,0.9996508,
1749,1,87400,COCONUT,9950.0,144,9949.0,63,,0,9952.0,207,,0,,0,9951.0,0.0,5.024746879429976e-05,0.9996503999999999,
1751,1,87500,COCONUT,9952.0,124,9951.0,61,,0,9953.0,124,9954.0,61,,0,9952.5,0.0,0.0001507272593102216,0.9996499999999999,
1752,1,87600,COCONUT,9951.0,153,,0,,0,9953.0,105,9954.0,48,,0,9952.0,0.0,-5.0239895511585924e-05,0.9996495999999999,
1755,1,87700,COCONUT,9952.0,143,9951.0,62,,0,9953.0,143,9954.0,62,,0,9952.5,0.0,5.023989551156683e-05,0.9996491999999999,
1757,1,87800,COCONUT,9951.0,104,9950.0,65,,0,9952.0,104,9953.0,65,,0,9951.5,0.0,-0.00010048231519708763,0.9996488,
1759,1,87900,COCONUT,9951.0,124,9950.0,47,,0,9952.0,124,9953.0,47,,0,9951.5,0.0,0.0,0.9996484,
1760,1,88000,COCONUT,9951.0,135,9950.0,64,,0,9952.0,135,9953.0,64,,0,9951.5,0.0,0.0,0.999648,
1762,1,88100,COCONUT,9949.0,172,,0,,0,9951.0,124,9952.0,48,,0,9950.0,0.0,-0.00015074240663676933,0.9996476,
1764,1,88200,COCONUT,9949.0,127,9948.0,52,,0,9950.0,127,9951.0,52,,0,9949.5,0.0,-5.025251891812016e-05,0.9996472,
1767,1,88300,COCONUT,9949.0,105,9948.0,71,,0,9951.0,176,,0,,0,9950.0,0.0,5.0252518918196315e-05,0.9996468,
1768,1,88400,COCONUT,9949.0,212,,0,,0,9951.0,140,9952.0,72,,0,9950.0,0.0,0.0,0.9996463999999999,
1770,1,88500,COCONUT,9949.0,97,9948.0,42,,0,9950.0,106,9951.0,42,,0,9949.5,0.0,-5.025251891812016e-05,0.9996459999999999,
1772,1,88600,COCONUT,9950.0,146,9949.0,56,,0,9951.0,146,9952.0,56,,0,9950.5,0.0,0.00010050251264740956,0.9996455999999999,
1775,1,88700,COCONUT,9949.0,189,,0,,0,9951.0,109,9952.0,80,,0,9950.0,0.0,-5.0249993729292124e-05,0.9996452,
1776,1,88800,COCONUT,9949.0,101,9948.0,42,,0,9951.0,143,,0,,0,9950.0,0.0,0.0,0.9996448,
1778,1,88900,COCONUT,9948.0,107,9947.0,64,,0,9949.0,107,9950.0,64,,0,9948.5,0.0,-0.00015076513333579867,0.9996444,
1780,1,89000,COCONUT,9946.0,106,9945.0,45,,0,9947.0,106,9948.0,45,,0,9946.5,0.0,-0.00020105554227063817,0.999644,
1783,1,89100,COCONUT,9943.0,219,,0,,0,9945.0,144,9946.0,75,,0,9944.0,0.0,-0.0002513762864849326,0.9996436,
1784,1,89200,COCONUT,9943.0,119,9942.0,76,,0,9945.0,195,,0,,0,9944.0,0.0,0.0,0.9996432,
1786,1,89300,COCONUT,9941.0,141,9940.0,78,,0,9943.0,224,,0,,0,9942.0,0.0,-0.00020114653592907296,0.9996427999999999,
1788,1,89400,COCONUT,9942.0,126,9941.0,48,,0,9943.0,126,9944.0,48,,0,9942.5,0.0,5.029042722785317e-05,0.9996423999999999,
1791,1,89500,COCONUT,9942.0,119,9941.0,51,,0,9944.0,170,,0,,0,9943.0,0.0,5.028789822790772e-05,0.999642,
1792,1,89600,COCONUT,9942.0,218,,0,,0,9944.0,141,9945.0,77,,0,9943.0,0.0,0.0,0.9996416,
1794,1,89700,COCONUT,9943.0,179,,0,,0,9945.0,106,9946.0,73,,0,9944.0,0.0,0.00010056821047335195,0.9996412,
1796,1,89800,COCONUT,9943.0,211,,0,,0,9945.0,148,9946.0,63,,0,9944.0,0.0,0.0,0.9996408,
1799,1,89900,COCONUT,9944.0,8,9943.0,178,,0,9945.0,108,9946.0,70,,0,9944.5,0.0,5.0280312754068804e-05,0.9996404,
1800,1,90000,COCONUT,9944.0,137,9943.0,76,,0,9945.0,137,9946.0,76,,0,9944.5,0.0,0.0,0.99964,
1802,1,90100,COCONUT,9945.0,136,9944.0,61,,0,9946.0,136,9947.0,61,,0,9945.5,0.0,0.0001005530418141345,0.9996396,
1804,1,90200,COCONUT,9944.0,145,9943.0,66,,0,9945.0,145,9946.0,66,,0,9944.5,0.0,-0.00010055304181425514,0.9996392,
1807,1,90300,COCONUT,9943.0,122,9942.0,78,,0,9945.0,209,,0,,0,9944.0,0.0,-5.02803127540874e-05,0.9996387999999999,
1808,1,90400,COCONUT,9945.0,138,9944.0,67,,0,9946.0,138,9947.0,67,,0,9945.5,0.0,0.00015083335456838814,0.9996384,
1810,1,90500,COCONUT,9943.0,194,,0,,0,9945.0,146,9946.0,48,,0,9944.0,0.0,-0.00015083335456840286,0.999638,
1812,1,90600,COCONUT,9945.0,143,9944.0,47,,0,9946.0,143,9947.0,47,,0,9945.5,0.0,0.00015083335456838814,0.9996376,
1815,1,90700,COCONUT,9945.0,140,9944.0,63,,0,9946.0,140,9947.0,63,,0,9945.5,0.0,0.0,0.9996372,
1816,1,90800,COCONUT,9946.0,149,9945.0,54,,0,9947.0,149,9948.0,54,,0,9946.5,0.0,0.00010054293191660949,0.9996368,
