,day,timestamp,product,bid_price_1,bid_volume_1,bid_price_2,bid_volume_2,bid_price_3,bid_volume_3,ask_price_1,ask_volume_1,ask_price_2,ask_volume_2,ask_price_3,ask_volume_3,mid_price,profit_and_loss,log_returns,t_exp,vol_est
0,3,0,COCONUT,9990.0,148,9989.0,61,,0,9992.0,209,,0,,0,9991.0,0.0,,0.992,
2,3,100,COCONUT,9989.0,171,,0,,0,9991.0,114,9992.0,57,,0,9990.0,0.0,-0.00010009509041934792,0.9919996,
4,3,200,COCONUT,9990.0,135,9989.0,57,,0,9991.0,135,9992.0,57,,0,9990.5,0.0,5.004879758802321e-05,0.9919992,
7,3,300,COCONUT,9991.0,138,9990.0,43,,0,9992.0,138,9993.0,43,,0,9991.5,0.0,0.00010009008115652203,0.9919988,
8,3,400,COCONUT,9989.0,128,9988.0,44,,0,9991.0,172,,0,,0,9990.0,0.0,-0.00015013887874463364,0.9919984,
10,3,500,COCONUT,9988.0,143,9987.0,63,,0,9989.0,143,9990.0,63,,0,9988.5,0.0,-0.00015016142381248953,0.991998,
12,3,600,COCONUT,9986.0,133,9985.0,59,,0,9987.0,133,9988.0,59,,0,9986.5,0.0,-0.00020025031356029672,0.9919976,
15,3,700,COCONUT,9986.0,128,9985.0,66,,0,9987.0,128,9988.0,66,,0,9986.5,0.0,0.0,0.9919972,
16,3,800,COCONUT,9986.0,5,9985.0,176,,0,9987.0,129,9988.0,47,,0,9986.5,0.0,0.0,0.9919968,
18,3,900,COCONUT,9985.0,125,9984.0,54,,0,9986.0,125,9987.0,54,,0,9985.5,0.0,-0.00010014019635850698,0.9919964,
20,3,1000,COCONUT,9985.0,194,,0,,0,9987.0,126,9988.0,68,,0,9986.0,0.0,5.007135168662066e-05,0.991996,
23,3,1100,COCONUT,9986.0,144,9985.0,65,,0,9987.0,144,9988.0,65,,0,9986.5,0.0,5.006884467187711e-05,0.9919956,
24,3,1200,COCONUT,9986.0,123,9985.0,68,,0,9988.0,191,,0,,0,9987.0,0.0,5.0066337908247144e-05,0.9919952,
26,3,1300,COCONUT,9984.0,125,9983.0,77,,0,9985.0,125,9986.0,77,,0,9984.5,0.0,-0.00025035675968831727,0.9919948000000001,
28,3,1400,COCONUT,9983.0,140,9982.0,55,,0,9984.0,140,9985.0,55,,0,9983.5,0.0,-0.00010016025649403761,0.9919944,
31,3,1500,COCONUT,9982.0,208,,0,,0,9984.0,134,9985.0,74,,0,9983.0,0.0,-5.008389052708661e-05,0.991994,
32,3,1600,COCONUT,9983.0,131,9982.0,44,,0,9984.0,131,9985.0,44,,0,9983.5,0.0,5.008389052704219e-05,0.9919936,
34,3,1700,COCONUT,9983.0,209,,0,,0,9985.0,133,9986.0,78,,0,9984.0,0.0,5.0081382256508684e-05,0.9919932,
36,3,1800,COCONUT,9982.0,197,,0,,0,9984.0,120,9985.0,77,,0,9983.0,0.0,-0.00010016527278368789,0.9919928,
39,3,1900,COCONUT,9982.0,110,9981.0,59,,0,9983.0,119,9984.0,59,,0,9982.5,0.0,-5.008639904876957e-05,0.9919924,
40,3,2000,COCONUT,9982.0,121,9981.0,60,,0,9984.0,181,,0,,0,9983.0,0.0,5.008639904891131e-05,0.991992,
42,3,2100,COCONUT,9983.0,143,9982.0,40,,0,9985.0,183,,0,,0,9984.0,0.0,0.00010016527278361747,0.9919916,
44,3,2200,COCONUT,9984.0,176,,0,,0,9986.0,110,9987.0,66,,0,9985.0,0.0,0.00010015524070678441,0.9919912000000001,
47,3,2300,COCONUT,9984.0,170,,0,,0,9986.0,102,9987.0,68,,0,9985.0,0.0,0.0,0.9919908000000001,
48,3,2400,COCONUT,9985.0,124,9984.0,63,,0,9986.0,124,9987.0,63,,0,9985.5,0.0,5.0073858952477795e-05,0.9919904,
50,3,2500,COCONUT,9983.0,101,9982.0,43,,0,9985.0,144,,0,,0,9984.0,0.0,-0.00015022909965904137,0.99199,
52,3,2600,COCONUT,9985.0,98,9984.0,52,,0,9986.0,103,9987.0,52,,0,9985.5,0.0,0.00015022909965912404,0.9919896,
55,3,2700,COCONUT,9984.0,149,9983.0,73,,0,9986.0,222,,0,,0,9985.0,0.0,-5.00738589524231e-05,0.9919892,
56,3,2800,COCONUT,9986.0,137,9985.0,73,,0,9988.0,210,,0,,0,9987.0,0.0,0.00020028039321912404,0.9919888,
58,3,2900,COCONUT,9987.0,130,9986.0,42,,0,9988.0,130,9989.0,42,,0,9987.5,0.0,5.0063831395508745e-05,0.9919884,
60,3,3000,COCONUT,9987.0,100,9986.0,64,,0,9988.0,100,9989.0,64,,0,9987.5,0.0,0.0,0.9919880000000001,
63,3,3100,COCONUT,9986.0,210,,0,,0,9988.0,142,9989.0,68,,0,9987.0,0.0,-5.0063831395514376e-05,0.9919876000000001,
64,3,3200,COCONUT,9987.0,105,9986.0,50,,0,9988.0,105,9989.0,50,,0,9987.5,0.0,5.0063831395508745e-05,0.9919872000000001,
66,3,3300,COCONUT,9987.0,108,9986.0,75,,0,9988.0,108,9989.0,75,,0,9987.5,0.0,0.0,0.9919868000000001,
68,3,3400,COCONUT,9987.0,108,9986.0,54,,0,9988.0,108,9989.0,54,,0,9987.5,0.0,0.0,0.9919864,
71,3,3500,COCONUT,9985.0,193,,0,,0,9987.0,129,9988.0,64,,0,9986.0,0.0,-0.00015019901397552893,0.991986,
73,3,3600,COCONUT,9986.0,124,9985.0,44,,0,9987.0,124,9988.0,44,,0,9986.5,0.0,5.006884467187711e-05,0.9919856,
74,3,3700,COCONUT,9985.0,175,,0,,0,9987.0,110,9988.0,65,,0,9986.0,0.0,-5.0068844671832664e-05,0.9919852,
77,3,3800,COCONUT,9984.0,189,,0,,0,9986.0,147,9987.0,42,,0,9985.0,0.0,-0.00010014521063901792,0.9919848,
79,3,3900,COCONUT,9984.0,138,9983.0,59,,0,9985.0,138,9986.0,59,,0,9984.5,0.0,-5.007636646927873e-05,0.9919844000000001,
81,3,4000,COCONUT,9983.0,122,9982.0,46,,0,9984.0,122,9985.0,46,,0,9983.5,0.0,-0.00010016025649403761,0.9919840000000001,
82,3,4100,COCONUT,9983.0,182,,0,,0,9985.0,134,9986.0,48,,0,9984.0,0.0,5.0081382256508684e-05,0.9919836000000001,
85,3,4200,COCONUT,9983.0,129,9982.0,59,,0,9984.0,129,9985.0,59,,0,9983.5,0.0,-5.0081382256666e-05,0.9919832000000001,
87,3,4300,COCONUT,9983.0,132,9982.0,56,,0,9985.0,188,,0,,0,9984.0,0.0,5.0081382256508684e-05,0.9919827999999999,
89,3,4400,COCONUT,9983.0,190,,0,,0,9985.0,149,9986.0,41,,0,9984.0,0.0,0.0,0.9919823999999999,
90,3,4500,COCONUT,9982.0,207,,0,,0,9984.0,139,9985.0,68,,0,9983.0,0.0,-0.00010016527278368789,0.9919819999999999,
93,3,4600,COCONUT,9981.0,138,9980.0,75,,0,9982.0,138,9983.0,75,,0,9981.5,0.0,-0.00015026672371683256,0.9919815999999999,
95,3,4700,COCONUT,9981.0,195,,0,,0,9983.0,141,9984.0,54,,0,9982.0,0.0,5.0091416846212304e-05,0.9919811999999999,
97,3,4800,COCONUT,9979.0,111,9978.0,47,,0,9980.0,111,9981.0,47,,0,9979.5,0.0,-0.0002504821795026029,0.9919808,
98,3,4900,COCONUT,9978.0,216,,0,,0,9980.0,140,9981.0,76,,0,9979.0,0.0,-5.010396573933797e-05,0.9919804,
101,3,5000,COCONUT,9980.0,123,9979.0,63,,0,9981.0,123,9982.0,63,,0,9980.5,0.0,0.00015030436662487646,0.99198,
103,3,5100,COCONUT,9980.0,114,9979.0,63,,0,9982.0,177,,0,,0,9981.0,0.0,5.009643564907776e-05,0.9919796,
105,3,5200,COCONUT,9978.0,208,,0,,0,9980.0,145,9981.0,63,,0,9979.0,0.0,-0.00020040080227383815,0.9919792,
106,3,5300,COCONUT,9978.0,110,9977.0,80,,0,9979.0,110,9980.0,80,,0,9978.5,0.0,-5.010647627256313e-05,0.9919787999999999,
109,3,5400,COCONUT,9979.0,149,,0,,0,9981.0,103,9982.0,46,,0,9980.0,0.0,0.00015031189746966418,0.9919783999999999,
111,3,5500,COCONUT,9981.0,129,9980.0,57,,0,9982.0,129,9983.0,57,,0,9981.5,0.0,0.0001502893071987574,0.9919779999999999,
113,3,5600,COCONUT,9982.0,113,9981.0,80,,0,9983.0,113,9984.0,80,,0,9982.5,0.0,0.00010018032466806302,0.9919776,
114,3,5700,COCONUT,9981.0,128,9980.0,80,,0,9982.0,128,9983.0,80,,0,9981.5,0.0,-0.0001001803246680134,0.9919772,
117,3,5800,COCONUT,9979.0,114,9978.0,51,,0,9981.0,165,,0,,0,9980.0,0.0,-0.00015028930719873304,0.9919768,
119,3,5900,COCONUT,9978.0,202,,0,,0,9980.0,147,9981.0,55,,0,9979.0,0.0,-0.00010020542119713582,0.9919764,
121,3,6000,COCONUT,9979.0,104,9978.0,80,,0,9980.0,104,9981.0,80,,0,9979.5,0.0,5.010396573939212e-05,0.991976,
122,3,6100,COCONUT,9980.0,114,9979.0,67,,0,9981.0,114,9982.0,67,,0,9980.5,0.0,0.00010020040088537605,0.9919756,
125,3,6200,COCONUT,9982.0,171,,0,,0,9984.0,112,9985.0,59,,0,9983.0,0.0,0.00025045708548784634,0.9919752,
127,3,6300,COCONUT,9981.0,166,,0,,0,9983.0,111,9984.0,55,,0,9982.0,0.0,-0.00010017530687067577,0.9919747999999999,
129,3,6400,COCONUT,9982.0,186,,0,,0,9984.0,142,9985.0,44,,0,9983.0,0.0,0.00010017530687054037,0.9919743999999999,
130,3,6500,COCONUT,9982.0,127,9981.0,70,,0,9983.0,127,9984.0,70,,0,9982.5,0.0,-5.008639904876957e-05,0.991974,
133,3,6600,COCONUT,9979.0,157,,0,,0,9981.0,157,,0,,0,9980.0,0.0,-0.00025046963186678303,0.9919736,
135,3,6700,COCONUT,9979.0,132,9978.0,55,,0,9981.0,187,,0,,0,9980.0,0.0,0.0,0.9919732,
137,3,6800,COCONUT,9980.0,107,9979.0,66,,0,9981.0,107,9982.0,66,,0,9980.5,0.0,5.0098945427624914e-05,0.9919728,
138,3,6900,COCONUT,9979.0,105,9978.0,60,,0,9980.0,105,9981.0,60,,0,9979.5,0.0,-0.00010020040088543133,0.9919724,
141,3,7000,COCONUT,9980.0,120,9979.0,56,,0,9981.0,112,9982.0,56,,0,9980.5,0.0,0.00010020040088537605,0.991972,
143,3,7100,COCONUT,9981.0,108,9980.0,48,,0,9982.0,108,9983.0,48,,0,9981.5,0.0,0.00010019036177100863,0.9919716,
145,3,7200,COCONUT,9980.0,141,9979.0,47,,0,9981.0,141,9982.0,47,,0,9980.5,0.0,-0.00010019036177104224,0.9919711999999999,
146,3,7300,COCONUT,9980.0,133,9979.0,69,,0,9981.0,133,9982.0,69,,0,9980.5,0.0,0.0,0.9919708,
148,3,7400,COCONUT,9979.0,118,9978.0,73,,0,9980.0,118,9981.0,73,,0,9979.5,0.0,-0.00010020040088543133,0.9919704,
150,3,7500,COCONUT,9978.0,138,9977.0,46,,0,9979.0,138,9980.0,46,,0,9978.5,0.0,-0.00010021044201195798,0.99197,
153,3,7600,COCONUT,9978.0,147,9977.0,75,,0,9980.0,222,,0,,0,9979.0,0.0,5.010647627261217e-05,0.9919696,
154,3,7700,COCONUT,9978.0,169,,0,,0,9980.0,106,9981.0,63,,0,9979.0,0.0,0.0,0.9919692,
156,3,7800,COCONUT,9978.0,144,9977.0,43,,0,9980.0,181,,0,,0,9979.0,0.0,0.0,0.9919688,
158,3,7900,COCONUT,9978.0,146,9977.0,69,,0,9979.0,146,9980.0,69,,0,9978.5,0.0,-5.010647627256313e-05,0.9919684,
160,3,8000,COCONUT,9979.0,119,9978.0,74,,0,9980.0,119,9981.0,74,,0,9979.5,0.0,0.0001002104420118313,0.991968,
163,3,8100,COCONUT,9977.0,132,9976.0,64,,0,9979.0,196,,0,,0,9978.0,0.0,-0.0001503194290692385,0.9919676,
164,3,8200,COCONUT,9976.0,203,,0,,0,9978.0,136,9979.0,67,,0,9977.0,0.0,-0.00010022550747557466,0.9919672,
166,3,8300,COCONUT,9976.0,106,9975.0,57,,0,9977.0,106,9978.0,57,,0,9976.5,0.0,-5.011652092164028e-05,0.9919668,
168,3,8400,COCONUT,9974.0,143,9973.0,67,,0,9975.0,143,9976.0,67,,0,9974.5,0.0,-0.00020049120411999124,0.9919664,
171,3,8500,COCONUT,9973.0,148,9972.0,68,,0,9974.0,148,9975.0,68,,0,9973.5,0.0,-0.00010026067784619833,0.991966,
172,3,8600,COCONUT,9973.0,209,,0,,0,9975.0,132,9976.0,77,,0,9974.0,0.0,5.013159544847511e-05,0.9919656,
174,3,8700,COCONUT,9974.0,141,9973.0,66,,0,9976.0,207,,0,,0,9975.0,0.0,0.00010025565199642287,0.9919652,
176,3,8800,COCONUT,9973.0,103,9972.0,53,,0,9975.0,156,,0,,0,9974.0,0.0,-0.0001002556519963129,0.9919648,
179,3,8900,COCONUT,9976.0,134,9975.0,45,,0,9977.0,134,9978.0,45,,0,9976.5,0.0,0.00025062028651764247,0.9919644,
180,3,9000,COCONUT,9977.0,122,9976.0,67,,0,9978.0,122,9979.0,67,,0,9977.5,0.0,0.00010023053030344724,0.9919640000000001,
182,3,9100,COCONUT,9975.0,134,9974.0,69,,0,9976.0,134,9977.0,69,,0,9975.5,0.0,-0.00020047110777309158,0.9919636000000001,
184,3,9200,COCONUT,9975.0,224,,0,,0,9977.0,148,9978.0,76,,0,9976.0,0.0,5.012154475641886e-05,0.9919632,
187,3,9300,COCONUT,9974.0,179,,0,,0,9976.0,109,9977.0,70,,0,9975.0,0.0,-0.00010024560180822698,0.9919628,
188,3,9400,COCONUT,9973.0,147,9972.0,70,,0,9974.0,147,9975.0,70,,0,9973.5,0.0,-0.000150387247444929,0.9919624,
190,3,9500,COCONUT,9973.0,106,9972.0,64,,0,9975.0,170,,0,,0,9974.0,0.0,5.013159544847511e-05,0.991962,
192,3,9600,COCONUT,9974.0,149,9973.0,43,,0,9975.0,149,9976.0,43,,0,9974.5,0.0,5.0129082397680564e-05,0.9919616,
195,3,9700,COCONUT,9974.0,106,9973.0,51,,0,9976.0,157,,0,,0,9975.0,0.0,5.012656959866566e-05,0.9919612,
196,3,9800,COCONUT,9973.0,147,,0,,0,9975.0,105,9976.0,42,,0,9974.0,0.0,-0.0001002556519963129,0.9919608,
198,3,9900,COCONUT,9975.0,158,,0,,0,9977.0,103,9978.0,55,,0,9976.0,0.0,0.00020050125380444627,0.9919604000000001,
200,3,10000,COCONUT,9975.0,180,,0,,0,9977.0,109,9978.0,71,,0,9976.0,0.0,0.0,0.9919600000000001,
203,3,10100,COCONUT,9976.0,120,9975.0,63,,0,9977.0,115,9978.0,63,,0,9976.5,0.0,5.011903271318696e-05,0.9919596,
204,3,10200,COCONUT,9975.0,103,9974.0,67,,0,9976.0,103,9977.0,67,,0,9975.5,0.0,-0.00010024057746969336,0.9919592,
206,3,10300,COCONUT,9975.0,128,9974.0,61,,0,9977.0,189,,0,,0,9976.0,0.0,5.012154475641886e-05,0.9919588,
208,3,10400,COCONUT,9976.0,142,9975.0,64,,0,9977.0,142,9978.0,64,,0,9976.5,0.0,5.011903271318696e-05,0.9919584,
211,3,10500,COCONUT,9975.0,123,9974.0,54,,0,9977.0,177,,0,,0,9976.0,0.0,-5.0119032713175775e-05,0.991958,
212,3,10600,COCONUT,9977.0,146,9976.0,63,,0,9978.0,146,9979.0,63,,0,9977.5,0.0,0.00015034956301665658,0.9919576,
214,3,10700,COCONUT,9977.0,150,9976.0,80,,0,9978.0,150,9979.0,80,,0,9977.5,0.0,0.0,0.9919572,
216,3,10800,COCONUT,9976.0,105,9975.0,58,,0,9977.0,105,9978.0,58,,0,9976.5,0.0,-0.00010023053030342272,0.9919568000000001,
219,3,10900,COCONUT,9975.0,106,9974.0,49,,0,9977.0,155,,0,,0,9976.0,0.0,-5.0119032713175775e-05,0.9919564000000001,
220,3,11000,COCONUT,9973.0,166,,0,,0,9975.0,119,9976.0,47,,0,9974.0,0.0,-0.00020050125380452038,0.9919560000000001,
222,3,11100,COCONUT,9973.0,113,9972.0,42,,0,9975.0,155,,0,,0,9974.0,0.0,0.0,0.9919556,
224,3,11200,COCONUT,9974.0,8,9973.0,168,,0,9975.0,116,9976.0,52,,0,9974.5,0.0,5.0129082397680564e-05,0.9919552,
227,3,11300,COCONUT,9971.0,115,9970.0,48,,0,9972.0,115,9973.0,48,,0,9971.5,0.0,-0.00030081219518918905,0.9919548,
228,3,11400,COCONUT,9970.0,149,9969.0,79,,0,9971.0,149,9972.0,79,,0,9970.5,0.0,-0.0001002908435300817,0.9919544,
230,3,11500,COCONUT,9971.0,112,9970.0,71,,0,9972.0,112,9973.0,71,,0,9971.5,0.0,0.00010029084353011862,0.991954,
232,3,11600,COCONUT,9971.0,135,9970.0,40,,0,9972.0,135,9973.0,40,,0,9971.5,0.0,0.0,0.9919536000000001,
235,3,11700,COCONUT,9973.0,128,9972.0,64,,0,9974.0,128,9975.0,64,,0,9973.5,0.0,0.00020055151734309337,0.9919532000000001,
236,3,11800,COCONUT,9973.0,131,9972.0,77,,0,9974.0,136,9975.0,77,,0,9973.5,0.0,0.0,0.9919528000000001,
238,3,11900,COCONUT,9972.0,115,9971.0,55,,0,9974.0,170,,0,,0,9973.0,0.0,-5.013410875133373e-05,0.9919524,
240,3,12000,COCONUT,9972.0,136,9971.0,77,,0,9973.0,136,9974.0,77,,0,9972.5,0.0,-5.0136622306258014e-05,0.991952,
243,3,12100,COCONUT,9971.0,145,9970.0,42,,0,9973.0,187,,0,,0,9972.0,0.0,-5.013913611322187e-05,0.9919515999999999,
244,3,12200,COCONUT,9973.0,139,9972.0,72,,0,9974.0,139,9975.0,72,,0,9973.5,0.0,0.00015040986717075776,0.9919511999999999,
246,3,12300,COCONUT,9972.0,199,,0,,0,9974.0,124,9975.0,75,,0,9973.0,0.0,-5.013410875133373e-05,0.9919507999999999,
249,3,12400,COCONUT,9974.0,193,,0,,0,9976.0,135,9977.0,58,,0,9975.0,0.0,0.00020052135619625633,0.9919503999999999,
251,3,12500,COCONUT,9975.0,176,,0,,0,9976.0,8,9977.0,131,9978.0,45,9975.5,0.0,5.0124057051652434e-05,0.99195,
253,3,12600,COCONUT,9976.0,143,9975.0,70,,0,9978.0,213,,0,,0,9977.0,0.0,0.0001503570983912429,0.9919496,
254,3,12700,COCONUT,9976.0,146,9975.0,57,,0,9977.0,146,9978.0,57,,0,9976.5,0.0,-5.011652092164028e-05,0.9919492,
257,3,12800,COCONUT,9975.0,149,9974.0,60,,0,9976.0,149,9977.0,60,,0,9975.5,0.0,-0.00010024057746969336,0.9919488,
259,3,12900,COCONUT,9976.0,98,9975.0,54,,0,9977.0,108,9978.0,54,,0,9976.5,0.0,0.00010024057746971793,0.9919484,
261,3,13000,COCONUT,9974.0,115,9973.0,75,,0,9976.0,184,,0,,0,9975.0,0.0,-0.00015036463452138037,0.9919479999999999,
262,3,13100,COCONUT,9974.0,117,9973.0,57,,0,9976.0,174,,0,,0,9975.0,0.0,0.0,0.9919475999999999,
265,3,13200,COCONUT,9975.0,132,9974.0,49,,0,9976.0,132,9977.0,49,,0,9975.5,0.0,5.0124057051652434e-05,0.9919471999999999,
267,3,13300,COCONUT,9974.0,122,9973.0,57,,0,9975.0,110,9976.0,57,,0,9974.5,0.0,-0.00010025062665032245,0.9919468,
269,3,13400,COCONUT,9974.0,177,,0,,0,9976.0,113,9977.0,64,,0,9975.0,0.0,5.012656959866566e-05,0.9919464,
270,3,13500,COCONUT,9974.0,138,9973.0,46,,0,9976.0,184,,0,,0,9975.0,0.0,0.0,0.991946,
273,3,13600,COCONUT,9975.0,131,9974.0,61,,0,9977.0,192,,0,,0,9976.0,0.0,0.00010024560180813544,0.9919456,
275,3,13700,COCONUT,9974.0,131,9973.0,52,,0,9976.0,183,,0,,0,9975.0,0.0,-0.00010024560180822698,0.9919452,
277,3,13800,COCONUT,9974.0,102,9973.0,45,,0,9975.0,102,9976.0,45,,0,9974.5,0.0,-5.012656959868733e-05,0.9919448,
278,3,13900,COCONUT,9973.0,139,9972.0,70,,0,9974.0,139,9975.0,70,,0,9973.5,0.0,-0.00010026067784619833,0.9919444,
281,3,14000,COCONUT,9972.0,102,9971.0,45,,0,9973.0,102,9974.0,45,,0,9972.5,0.0,-0.00010027073105765415,0.9919439999999999,
283,3,14100,COCONUT,9972.0,108,9971.0,67,,0,9973.0,108,9974.0,67,,0,9972.5,0.0,0.0,0.9919435999999999,
285,3,14200,COCONUT,9974.0,118,9973.0,69,,0,9976.0,187,,0,,0,9975.0,0.0,0.00025065797850245863,0.9919432,
286,3,14300,COCONUT,9974.0,113,9973.0,78,,0,9975.0,113,9976.0,78,,0,9974.5,0.0,-5.012656959868733e-05,0.9919428,
289,3,14400,COCONUT,9973.0,130,9972.0,50,,0,9974.0,130,9975.0,50,,0,9973.5,0.0,-0.00010026067784619833,0.9919424,
291,3,14500,COCONUT,9973.0,122,9972.0,73,,0,9975.0,195,,0,,0,9974.0,0.0,5.013159544847511e-05,0.991942,
293,3,14600,COCONUT,9976.0,129,9975.0,58,,0,9977.0,135,9978.0,58,,0,9976.5,0.0,0.00025062028651764247,0.9919416,
294,3,14700,COCONUT,9978.0,146,9977.0,47,,0,9979.0,146,9980.0,47,,0,9978.5,0.0,0.0002004510154545121,0.9919412,
297,3,14800,COCONUT,9976.0,108,9975.0,69,,0,9978.0,177,,0,,0,9977.0,0.0,-0.0001503344945328351,0.9919408,
299,3,14900,COCONUT,9977.0,141,9976.0,57,,0,9978.0,141,9979.0,57,,0,9977.5,0.0,5.011400938184011e-05,0.9919403999999999,
301,3,15000,COCONUT,9975.0,134,9974.0,67,,0,9976.0,134,9977.0,67,,0,9975.5,0.0,-0.00020047110777309158,0.99194,
302,3,15100,COCONUT,9974.0,117,9973.0,64,,0,9976.0,181,,0,,0,9975.0,0.0,-5.012405705169929e-05,0.9919396,
305,3,15200,COCONUT,9975.0,121,9974.0,62,,0,9977.0,183,,0,,0,9976.0,0.0,0.00010024560180813544,0.9919392,
307,3,15300,COCONUT,9974.0,133,9973.0,42,,0,9976.0,175,,0,,0,9975.0,0.0,-0.00010024560180822698,0.9919388,
309,3,15400,COCONUT,9974.0,110,9973.0,43,,0,9975.0,110,9976.0,43,,0,9974.5,0.0,-5.012656959868733e-05,0.9919384,
310,3,15500,COCONUT,9974.0,148,9973.0,65,,0,9975.0,148,9976.0,65,,0,9974.5,0.0,0.0,0.991938,
313,3,15600,COCONUT,9974.0,205,,0,,0,9976.0,142,9977.0,63,,0,9975.0,0.0,5.012656959866566e-05,0.9919376,
315,3,15700,COCONUT,9974.0,180,,0,,0,9976.0,136,9977.0,44,,0,9975.0,0.0,0.0,0.9919372,
317,3,15800,COCONUT,9976.0,147,9975.0,42,,0,9977.0,147,9978.0,42,,0,9976.5,0.0,0.00015036463452127667,0.9919368,
318,3,15900,COCONUT,9976.0,116,9975.0,58,,0,9978.0,174,,0,,0,9977.0,0.0,5.011652092151269e-05,0.9919364,
321,3,16000,COCONUT,9975.0,139,9974.0,40,,0,9976.0,139,9977.0,40,,0,9975.5,0.0,-0.00015035709839125578,0.991936,
323,3,16100,COCONUT,9975.0,179,,0,,0,9977.0,138,9978.0,41,,0,9976.0,0.0,5.012154475641886e-05,0.9919356,
325,3,16200,COCONUT,9975.0,190,,0,,0,9977.0,122,9978.0,68,,0,9976.0,0.0,0.0,0.9919352,
326,3,16300,COCONUT,9976.0,122,9975.0,77,,0,9977.0,122,9978.0,77,,0,9976.5,0.0,5.011903271318696e-05,0.9919348,
328,3,16400,COCONUT,9977.0,132,9976.0,50,,0,9978.0,132,9979.0,50,,0,9977.5,0.0,0.00010023053030344724,0.9919344,
330,3,16500,COCONUT,9976.0,131,9975.0,53,,0,9977.0,131,9978.0,53,,0,9976.5,0.0,-0.00010023053030342272,0.991934,
333,3,16600,COCONUT,9977.0,101,9976.0,69,,0,9978.0,101,9979.0,69,,0,9977.5,0.0,0.00010023053030344724,0.9919336,
334,3,16700,COCONUT,9977.0,127,9976.0,46,,0,9978.0,127,9979.0,46,,0,9977.5,0.0,0.0,0.9919332000000001,
336,3,16800,COCONUT,9978.0,148,9977.0,42,,0,9979.0,148,9980.0,42,,0,9978.5,0.0,0.00010022048515104037,0.9919328000000001,
338,3,16900,COCONUT,9979.0,184,,0,,0,9981.0,111,9982.0,73,,0,9980.0,0.0,0.00015031189746966418,0.9919324,
340,3,17000,COCONUT,9979.0,177,,0,,0,9981.0,102,9982.0,75,,0,9980.0,0.0,0.0,0.991932,
343,3,17100,COCONUT,9978.0,212,,0,,0,9980.0,148,9981.0,64,,0,9979.0,0.0,-0.00010020542119713582,0.9919316,
344,3,17200,COCONUT,9978.0,103,9977.0,70,,0,9980.0,173,,0,,0,9979.0,0.0,0.0,0.9919312,
346,3,17300,COCONUT,9980.0,142,9979.0,66,,0,9981.0,142,9982.0,66,,0,9980.5,0.0,0.00015030436662487646,0.9919308,
348,3,17400,COCONUT,9977.0,121,9976.0,72,,0,9979.0,193,,0,,0,9978.0,0.0,-0.00025051982995464173,0.9919304,
351,3,17500,COCONUT,9977.0,113,9976.0,59,,0,9978.0,113,9979.0,59,,0,9977.5,0.0,-5.0111498093688746e-05,0.99193,
352,3,17600,COCONUT,9976.0,180,,0,,0,9978.0,115,9979.0,65,,0,9977.0,0.0,-5.0114009381811275e-05,0.9919296000000001,
354,3,17700,COCONUT,9974.0,197,,0,,0,9976.0,131,9977.0,66,,0,9975.0,0.0,-0.00020048115544295936,0.9919292000000001,
356,3,17800,COCONUT,9973.0,114,9972.0,44,,0,9975.0,158,,0,,0,9974.0,0.0,-0.0001002556519963129,0.9919288,
359,3,17900,COCONUT,9974.0,141,9973.0,80,,0,9976.0,221,,0,,0,9975.0,0.0,0.00010025565199642287,0.9919284,
360,3,18000,COCONUT,9975.0,106,9974.0,76,,0,9976.0,106,9977.0,76,,0,9975.5,0.0,5.0124057051652434e-05,0.991928,
362,3,18100,COCONUT,9974.0,145,9973.0,61,,0,9975.0,145,9976.0,61,,0,9974.5,0.0,-0.00010025062665032245,0.9919276,
364,3,18200,COCONUT,9974.0,191,,0,,0,9976.0,139,9977.0,52,,0,9975.0,0.0,5.012656959866566e-05,0.9919272,
367,3,18300,COCONUT,9974.0,175,,0,,0,9976.0,128,9977.0,47,,0,9975.0,0.0,0.0,0.9919268,
368,3,18400,COCONUT,9975.0,198,,0,,0,9977.0,134,9978.0,64,,0,9976.0,0.0,0.00010024560180813544,0.9919264,
370,3,18500,COCONUT,9976.0,116,9975.0,70,,0,9978.0,186,,0,,0,9977.0,0.0,0.00010023555363482186,0.9919260000000001,
372,3,18600,COCONUT,9977.0,139,9976.0,45,,0,9979.0,184,,0,,0,9978.0,0.0,0.00010022550747559408,0.9919256000000001,
375,3,18700,COCONUT,9976.0,146,9975.0,74,,0,9978.0,220,,0,,0,9977.0,0.0,-0.00010022550747557466,0.9919252000000001,
376,3,18800,COCONUT,9975.0,138,9974.0,61,,0,9976.0,138,9977.0,61,,0,9975.5,0.0,-0.00015035709839125578,0.9919248,
378,3,18900,COCONUT,9974.0,131,9973.0,64,,0,9976.0,195,,0,,0,9975.0,0.0,-5.012405705169929e-05,0.9919244,
380,3,19000,COCONUT,9974.0,189,,0,,0,9976.0,134,9977.0,55,,0,9975.0,0.0,0.0,0.991924,
383,3,19100,COCONUT,9976.0,133,9975.0,69,,0,9977.0,133,9978.0,69,,0,9976.5,0.0,0.00015036463452127667,0.9919236,
384,3,19200,COCONUT,9977.0,125,9976.0,56,,0,9978.0,125,9979.0,56,,0,9977.5,0.0,0.00010023053030344724,0.9919232,
386,3,19300,COCONUT,9975.0,101,9974.0,68,,0,9977.0,169,,0,,0,9976.0,0.0,-0.00015034956301658624,0.9919228000000001,
388,3,19400,COCONUT,9976.0,138,9975.0,58,,0,9978.0,196,,0,,0,9977.0,0.0,0.00010023555363482186,0.9919224000000001,
391,3,19500,COCONUT,9973.0,196,,0,,0,9975.0,149,9976.0,47,,0,9974.0,0.0,-0.0003007368074392635,0.991922,
392,3,19600,COCONUT,9973.0,126,9972.0,69,,0,9974.0,126,9975.0,69,,0,9973.5,0.0,-5.013159544856006e-05,0.9919216,
394,3,19700,COCONUT,9974.0,133,9973.0,64,,0,9976.0,197,,0,,0,9975.0,0.0,0.00015038724744495015,0.9919212,
396,3,19800,COCONUT,9973.0,127,9972.0,60,,0,9975.0,187,,0,,0,9974.0,0.0,-0.0001002556519963129,0.9919207999999999,
399,3,19900,COCONUT,9973.0,194,,0,,0,9975.0,137,9976.0,57,,0,9974.0,0.0,0.0,0.9919203999999999,
400,3,20000,COCONUT,9971.0,191,,0,,0,9973.0,115,9974.0,76,,0,9972.0,0.0,-0.000200541462619387,0.9919199999999999,
402,3,20100,COCONUT,9972.0,144,,0,,0,9974.0,100,9975.0,44,,0,9973.0,0.0,0.00010027575841947314,0.9919195999999999,
404,3,20200,COCONUT,9973.0,112,9972.0,66,,0,9974.0,112,9975.0,66,,0,9973.5,0.0,5.013410875149337e-05,0.9919192,
407,3,20300,COCONUT,9972.0,128,9971.0,76,,0,9973.0,128,9974.0,76,,0,9972.5,0.0,-0.00010027073105765415,0.9919188,
408,3,20400,COCONUT,9973.0,124,9972.0,77,,0,9974.0,124,9975.0,77,,0,9973.5,0.0,0.0001002707310577069,0.9919184,
410,3,20500,COCONUT,9973.0,187,,0,,0,9975.0,130,9976.0,57,,0,9974.0,0.0,5.013159544847511e-05,0.991918,
412,3,20600,COCONUT,9974.0,131,9973.0,43,,0,9975.0,131,9976.0,43,,0,9974.5,0.0,5.0129082397680564e-05,0.9919176,
415,3,20700,COCONUT,9974.0,108,9973.0,78,,0,9975.0,102,9976.0,78,,0,9974.5,0.0,0.0,0.9919171999999999,
416,3,20800,COCONUT,9972.0,177,,0,,0,9974.0,128,9975.0,49,,0,9973.0,0.0,-0.00015039478659754034,0.9919167999999999,
418,3,20900,COCONUT,9973.0,123,9972.0,59,,0,9974.0,123,9975.0,59,,0,9973.5,0.0,5.013410875149337e-05,0.9919163999999999,
420,3,21000,COCONUT,9970.0,198,,0,,0,9972.0,146,9973.0,52,,0,9971.0,0.0,-0.00025069568182638626,0.991916,
423,3,21100,COCONUT,9972.0,197,,0,,0,9974.0,119,9975.0,78,,0,9973.0,0.0,0.00020056157307500426,0.9919156,
424,3,21200,COCONUT,9974.0,134,9973.0,76,,0,9975.0,128,9976.0,76,,0,9974.5,0.0,0.00015039478659766134,0.9919152,
426,3,21300,COCONUT,9974.0,150,9973.0,71,,0,9975.0,150,9976.0,71,,0,9974.5,0.0,0.0,0.9919148,
429,3,21400,COCONUT,9974.0,117,9973.0,76,,0,9975.0,117,9976.0,76,,0,9974.5,0.0,0.0,0.9919144,
431,3,21500,COCONUT,9972.0,120,9971.0,49,,0,9973.0,120,9974.0,49,,0,9972.5,0.0,-0.00020053140890375802,0.991914,
433,3,21600,COCONUT,9972.0,179,,0,,0,9974.0,118,9975.0,61,,0,9973.0,0.0,5.013662230629128e-05,0.9919136,
434,3,21700,COCONUT,9972.0,143,,0,,0,9974.0,103,9975.0,40,,0,9973.0,0.0,0.0,0.9919131999999999,
437,3,21800,COCONUT,9972.0,142,9971.0,60,,0,9973.0,142,9974.0,60,,0,9972.5,0.0,-5.0136622306258014e-05,0.9919127999999999,
439,3,21900,COCONUT,9971.0,120,9970.0,41,,0,9972.0,120,9973.0,41,,0,9971.5,0.0,-0.00010028078628535617,0.9919124,
441,3,22000,COCONUT,9970.0,151,9969.0,45,,0,9972.0,187,,0,,0,9971.0,0.0,-5.014416448337938e-05,0.991912,
442,3,22100,COCONUT,9970.0,142,9969.0,62,,0,9971.0,142,9972.0,62,,0,9970.5,0.0,-5.014667904668405e-05,0.9919116,
445,3,22200,COCONUT,9969.0,185,,0,,0,9970.0,6,9971.0,145,9972.0,40,9969.5,0.0,-0.00010030090279216389,0.9919112,
447,3,22300,COCONUT,9970.0,183,,0,,0,9972.0,117,9973.0,66,,0,9971.0,0.0,0.00015044758183892261,0.9919108,
449,3,22400,COCONUT,9970.0,126,9969.0,57,,0,9971.0,120,9972.0,57,,0,9970.5,0.0,-5.014667904668405e-05,0.9919104,
450,3,22500,COCONUT,9968.0,194,,0,,0,9970.0,136,9971.0,58,,0,9969.0,0.0,-0.00015045512704224515,0.99191,
453,3,22600,COCONUT,9966.0,184,,0,,0,9968.0,108,9969.0,76,,0,9967.0,0.0,-0.00020064205524778178,0.9919096,
455,3,22700,COCONUT,9966.0,106,9965.0,62,,0,9968.0,168,,0,,0,9967.0,0.0,0.0,0.9919092,
457,3,22800,COCONUT,9967.0,153,,0,,0,9969.0,99,9970.0,51,,0,9968.0,0.0,0.00010032605977810159,0.9919088,
458,3,22900,COCONUT,9968.0,143,9967.0,59,,0,9969.0,143,9970.0,59,,0,9968.5,0.0,5.015925564709658e-05,0.9919084,
461,3,23000,COCONUT,9968.0,121,9967.0,50,,0,9970.0,171,,0,,0,9969.0,0.0,5.015673982250743e-05,0.991908,
463,3,23100,COCONUT,9968.0,114,9967.0,63,,0,9969.0,114,9970.0,63,,0,9968.5,0.0,-5.0156739822408175e-05,0.9919076,
465,3,23200,COCONUT,9968.0,139,9967.0,78,,0,9969.0,139,9970.0,78,,0,9968.5,0.0,0.0,0.9919072,
466,3,23300,COCONUT,9969.0,136,9968.0,65,,0,9970.0,136,9971.0,65,,0,9969.5,0.0,0.00010031096407241559,0.9919068,
469,3,23400,COCONUT,9968.0,156,,0,,0,9970.0,109,9971.0,47,,0,9969.0,0.0,-5.0154224250056914e-05,0.9919064,
471,3,23500,COCONUT,9968.0,169,,0,,0,9970.0,122,9971.0,47,,0,9969.0,0.0,0.0,0.991906,
473,3,23600,COCONUT,9968.0,100,9967.0,62,,0,9969.0,100,9970.0,62,,0,9968.5,0.0,-5.0156739822408175e-05,0.9919056,
474,3,23700,COCONUT,9967.0,123,9966.0,65,,0,9968.0,123,9969.0,65,,0,9967.5,0.0,-0.00010032102737150742,0.9919052,
477,3,23800,COCONUT,9966.0,135,9965.0,40,,0,9967.0,135,9968.0,40,,0,9966.5,0.0,-0.0001003310926897682,0.9919048,
479,3,23900,COCONUT,9964.0,127,9963.0,56,,0,9965.0,127,9966.0,56,,0,9964.5,0.0,-0.00020069238941476566,0.9919044,
481,3,24000,COCONUT,9966.0,146,9965.0,64,,0,9967.0,146,9968.0,64,,0,9966.5,0.0,0.0002006923894147374,0.991904,
482,3,24100,COCONUT,9965.0,105,9964.0,75,,0,9967.0,180,,0,,0,9966.0,0.0,-5.016932147042088e-05,0.9919036,
485,3,24200,COCONUT,9967.0,102,9966.0,78,,0,9968.0,112,9969.0,78,,0,9967.5,0.0,0.00015050041416014756,0.9919032,
487,3,24300,COCONUT,9964.0,183,,0,,0,9966.0,118,9967.0,65,,0,9965.0,0.0,-0.00025084660861495194,0.9919028,
489,3,24400,COCONUT,9963.0,206,,0,,0,9965.0,144,9966.0,62,,0,9964.0,0.0,-0.00010035626482401454,0.9919024,
490,3,24500,COCONUT,9964.0,154,,0,,0,9966.0,112,9967.0,42,,0,9965.0,0.0,0.00010035626482406888,0.9919020000000001,
493,3,24600,COCONUT,9965.0,143,9964.0,47,,0,9966.0,143,9967.0,47,,0,9965.5,0.0,5.017435589732384e-05,0.9919016,
495,3,24700,COCONUT,9965.0,122,9964.0,44,,0,9966.0,122,9967.0,44,,0,9965.5,0.0,0.0,0.9919012,
497,3,24800,COCONUT,9965.0,211,,0,,0,9967.0,139,9968.0,72,,0,9966.0,0.0,5.01718385576163e-05,0.9919008,
498,3,24900,COCONUT,9963.0,199,,0,,0,9965.0,127,9966.0,72,,0,9964.0,0.0,-0.00020070245927878441,0.9919004,
501,3,25000,COCONUT,9963.0,143,9962.0,58,,0,9964.0,143,9965.0,58,,0,9963.5,0.0,-5.0181909432191934e-05,0.9919,
503,3,25100,COCONUT,9963.0,219,,0,,0,9965.0,141,9966.0,78,,0,9964.0,0.0,5.0181909432230856e-05,0.9918996,
505,3,25200,COCONUT,9964.0,143,9963.0,65,,0,9965.0,143,9966.0,65,,0,9964.5,0.0,5.0179391334520095e-05,0.9918992,
506,3,25300,COCONUT,9964.0,186,,0,,0,9966.0,146,9967.0,40,,0,9965.0,0.0,5.0176873489477074e-05,0.9918988000000001,
508,3,25400,COCONUT,9965.0,212,,0,,0,9967.0,147,9968.0,65,,0,9966.0,0.0,0.00010034619445474131,0.9918984000000001,
510,3,25500,COCONUT,9966.0,121,9965.0,42,,0,9967.0,131,9968.0,42,,0,9966.5,0.0,5.016932147035449e-05,0.9918980000000001,
513,3,25600,COCONUT,9966.0,149,9965.0,65,,0,9968.0,214,,0,,0,9967.0,0.0,5.016680463598245e-05,0.9918976,
515,3,25700,COCONUT,9968.0,104,9967.0,73,,0,9969.0,104,9970.0,73,,0,9968.5,0.0,0.00015048531542523693,0.9918972,
516,3,25800,COCONUT,9967.0,110,9966.0,59,,0,9968.0,110,9969.0,59,,0,9967.5,0.0,-0.00010032102737150742,0.9918968,
518,3,25900,COCONUT,9966.0,107,9965.0,60,,0,9968.0,167,,0,,0,9967.0,0.0,-5.016428805380907e-05,0.9918964,
520,3,26000,COCONUT,9965.0,146,9964.0,65,,0,9967.0,211,,0,,0,9966.0,0.0,-0.00010033612610629569,0.991896,
523,3,26100,COCONUT,9966.0,123,9965.0,67,,0,9967.0,123,9968.0,67,,0,9966.5,0.0,5.016932147035449e-05,0.9918956,
524,3,26200,COCONUT,9965.0,134,9964.0,66,,0,9966.0,134,9967.0,66,,0,9965.5,0.0,-0.00010034116002805067,0.9918952000000001,
526,3,26300,COCONUT,9964.0,196,,0,,0,9966.0,146,9967.0,50,,0,9965.0,0.0,-5.017435589718961e-05,0.9918948000000001,
528,3,26400,COCONUT,9967.0,149,9966.0,67,,0,9969.0,216,,0,,0,9968.0,0.0,0.0003010083803393927,0.9918944000000001,
531,3,26500,COCONUT,9968.0,132,9967.0,71,,0,9969.0,132,9970.0,71,,0,9968.5,0.0,5.015925564709658e-05,0.991894,
532,3,26600,COCONUT,9969.0,107,9968.0,50,,0,9971.0,157,,0,,0,9970.0,0.0,0.00015046267300248905,0.9918936,
534,3,26700,COCONUT,9970.0,149,9969.0,64,,0,9972.0,213,,0,,0,9971.0,0.0,0.00010029587290885666,0.9918932,
536,3,26800,COCONUT,9971.0,143,9970.0,56,,0,9972.0,143,9973.0,56,,0,9971.5,0.0,5.0144164483361115e-05,0.9918928,
539,3,26900,COCONUT,9971.0,116,9970.0,73,,0,9972.0,116,9973.0,73,,0,9971.5,0.0,0.0,0.9918924,
540,3,27000,COCONUT,9971.0,158,9970.0,59,,0,9972.0,150,9973.0,59,,0,9971.5,0.0,0.0,0.9918920000000001,
542,3,27100,COCONUT,9970.0,126,9969.0,73,,0,9971.0,126,9972.0,73,,0,9970.5,0.0,-0.0001002908435300817,0.9918916,
544,3,27200,COCONUT,9969.0,198,,0,,0,9971.0,135,9972.0,63,,0,9970.0,0.0,-5.014919386225037e-05,0.9918912,
547,3,27300,COCONUT,9969.0,121,9968.0,60,,0,9970.0,119,9971.0,60,,0,9969.5,0.0,-5.01517089299673e-05,0.9918908,
548,3,27400,COCONUT,9970.0,102,9969.0,60,,0,9971.0,102,9972.0,60,,0,9970.5,0.0,0.00010030090279222619,0.9918904,
550,3,27500,COCONUT,9971.0,202,,0,,0,9973.0,140,9974.0,62,,0,9972.0,0.0,0.0001504324937022512,0.9918899999999999,
552,3,27600,COCONUT,9972.0,143,9971.0,76,,0,9973.0,143,9974.0,76,,0,9972.5,0.0,5.013913611309085e-05,0.9918895999999999,
555,3,27700,COCONUT,9972.0,190,,0,,0,9974.0,130,9975.0,60,,0,9973.0,0.0,5.013662230629128e-05,0.9918891999999999,
556,3,27800,COCONUT,9973.0,137,9972.0,80,,0,9974.0,129,9975.0,80,,0,9973.5,0.0,5.013410875149337e-05,0.9918887999999999,
558,3,27900,COCONUT,9972.0,138,9971.0,47,,0,9973.0,138,9974.0,47,,0,9972.5,0.0,-0.00010027073105765415,0.9918884,
560,3,28000,COCONUT,9972.0,143,9971.0,70,,0,9973.0,143,9974.0,70,,0,9972.5,0.0,0.0,0.991888,
563,3,28100,COCONUT,9974.0,129,9973.0,72,,0,9976.0,201,,0,,0,9975.0,0.0,0.00025065797850245863,0.9918876,
564,3,28200,COCONUT,9973.0,109,9972.0,79,,0,9975.0,188,,0,,0,9974.0,0.0,-0.0001002556519963129,0.9918872,
566,3,28300,COCONUT,9973.0,199,,0,,0,9975.0,122,9976.0,77,,0,9974.0,0.0,0.0,0.9918868,
568,3,28400,COCONUT,9974.0,109,9973.0,67,,0,9975.0,109,9976.0,67,,0,9974.5,0.0,5.0129082397680564e-05,0.9918864,
571,3,28500,COCONUT,9973.0,148,9972.0,78,,0,9974.0,148,9975.0,78,,0,9973.5,0.0,-0.00010026067784619833,0.9918859999999999,
572,3,28600,COCONUT,9972.0,108,9971.0,66,,0,9974.0,174,,0,,0,9973.0,0.0,-5.013410875133373e-05,0.9918855999999999,
574,3,28700,COCONUT,9971.0,134,9970.0,66,,0,9973.0,191,,0,,0,9972.0,0.0,-0.00010027575841944661,0.9918852,
576,3,28800,COCONUT,9972.0,127,9971.0,56,,0,9973.0,127,9974.0,56,,0,9972.5,0.0,5.013913611309085e-05,0.9918848,
579,3,28900,COCONUT,9972.0,120,9971.0,53,,0,9973.0,120,9974.0,53,,0,9972.5,0.0,0.0,0.9918844,
580,3,29000,COCONUT,9972.0,111,9971.0,66,,0,9973.0,111,9974.0,66,,0,9972.5,0.0,0.0,0.991884,
582,3,29100,COCONUT,9971.0,100,9970.0,80,,0,9972.0,100,9973.0,80,,0,9971.5,0.0,-0.00010028078628535617,0.9918836,
584,3,29200,COCONUT,9970.0,116,9969.0,69,,0,9971.0,116,9972.0,69,,0,9970.5,0.0,-0.0001002908435300817,0.9918832,
587,3,29300,COCONUT,9971.0,128,9970.0,42,,0,9973.0,170,,0,,0,9972.0,0.0,0.0001504324937022512,0.9918828,
588,3,29400,COCONUT,9970.0,175,,0,,0,9971.0,7,9972.0,110,9973.0,65,9970.5,0.0,-0.00015043249370230737,0.9918823999999999,
590,3,29500,COCONUT,9969.0,177,,0,,0,9971.0,136,9972.0,41,,0,9970.0,0.0,-5.014919386225037e-05,0.9918819999999999,
592,3,29600,COCONUT,9970.0,121,9969.0,68,,0,9971.0,121,9972.0,68,,0,9970.5,0.0,5.014919386230414e-05,0.9918816,
595,3,29700,COCONUT,9970.0,120,9969.0,58,,0,9972.0,178,,0,,0,9971.0,0.0,5.014667904660976e-05,0.9918812,
596,3,29800,COCONUT,9968.0,167,,0,,0,9970.0,116,9971.0,51,,0,9969.0,0.0,-0.00020060180608893005,0.9918808,
598,3,29900,COCONUT,9968.0,106,9967.0,78,,0,9970.0,184,,0,,0,9969.0,0.0,0.0,0.9918804,
600,3,30000,COCONUT,9968.0,166,,0,,0,9970.0,100,9971.0,66,,0,9969.0,0.0,0.0,0.99188,
603,3,30100,COCONUT,9967.0,116,9966.0,40,,0,9969.0,156,,0,,0,9968.0,0.0,-0.00010031599546955205,0.9918796,
605,3,30200,COCONUT,9968.0,196,,0,,0,9970.0,196,,0,,0,9969.0,0.0,0.00010031599546967948,0.9918792,
606,3,30300,COCONUT,9965.0,127,9964.0,61,,0,9966.0,127,9967.0,61,,0,9965.5,0.0,-0.00035115001991162356,0.9918788,
609,3,30400,COCONUT,9965.0,150,9964.0,48,,0,9967.0,193,,0,,0,9966.0,0.0,5.01718385576163e-05,0.9918784,
611,3,30500,COCONUT,9964.0,145,9963.0,79,,0,9966.0,224,,0,,0,9965.0,0.0,-0.0001003461944548111,0.991878,
613,3,30600,COCONUT,9963.0,122,9962.0,53,,0,9964.0,130,9965.0,53,,0,9963.5,0.0,-0.00015053817425629033,0.9918776,
614,3,30700,COCONUT,9962.0,150,9961.0,46,,0,9963.0,150,9964.0,46,,0,9962.5,0.0,-0.00010037137416835859,0.9918772,
617,3,30800,COCONUT,9962.0,130,9961.0,50,,0,9963.0,130,9964.0,50,,0,9962.5,0.0,0.0,0.9918768,
619,3,30900,COCONUT,9962.0,128,9961.0,40,,0,9964.0,168,,0,,0,9963.0,0.0,5.018694638587762e-05,0.9918764,
621,3,31000,COCONUT,9961.0,106,9960.0,51,,0,9963.0,157,,0,,0,9962.0,0.0,-0.00010037641162759457,0.991876,
622,3,31100,COCONUT,9961.0,140,9960.0,69,,0,9963.0,203,,0,,0,9962.0,0.0,0.0,0.9918756,
625,3,31200,COCONUT,9960.0,136,9959.0,74,,0,9962.0,210,,0,,0,9961.0,0.0,-0.0001003864880629706,0.9918752,
627,3,31300,COCONUT,9960.0,116,9959.0,50,,0,9961.0,116,9962.0,50,,0,9960.5,0.0,-5.01970233270292e-05,0.9918748000000001,
629,3,31400,COCONUT,9960.0,137,9959.0,48,,0,9962.0,185,,0,,0,9961.0,0.0,5.019702332696023e-05,0.9918744,
630,3,31500,COCONUT,9962.0,145,9961.0,59,,0,9963.0,145,9964.0,59,,0,9962.5,0.0,0.0001505759533047196,0.991874,
633,3,31600,COCONUT,9963.0,119,9962.0,42,,0,9964.0,119,9965.0,42,,0,9963.5,0.0,0.00010037137416834616,0.9918736,
635,3,31700,COCONUT,9962.0,127,9961.0,74,,0,9964.0,201,,0,,0,9963.0,0.0,-5.018442778264128e-05,0.9918732,
637,3,31800,COCONUT,9960.0,103,9959.0,75,,0,9962.0,178,,0,,0,9961.0,0.0,-0.00020076289969053423,0.9918728,
638,3,31900,COCONUT,9961.0,150,9960.0,54,,0,9962.0,150,9963.0,54,,0,9961.5,0.0,5.0194503712354936e-05,0.9918724,
641,3,32000,COCONUT,9962.0,96,9961.0,59,,0,9963.0,101,9964.0,59,,0,9962.5,0.0,0.00010038144959242428,0.991872,
643,3,32100,COCONUT,9963.0,126,9962.0,74,,0,9964.0,126,9965.0,74,,0,9963.5,0.0,0.00010037137416834616,0.9918716,
645,3,32200,COCONUT,9964.0,145,9963.0,74,,0,9965.0,145,9966.0,74,,0,9964.5,0.0,0.00010036130076678986,0.9918712000000001,
646,3,32300,COCONUT,9965.0,110,9964.0,49,,0,9966.0,110,9967.0,49,,0,9965.5,0.0,0.00010035122938686737,0.9918708,
649,3,32400,COCONUT,9963.0,134,9962.0,56,,0,9965.0,190,,0,,0,9964.0,0.0,-0.00015053062072126877,0.9918704,
651,3,32500,COCONUT,9963.0,115,9962.0,60,,0,9965.0,175,,0,,0,9964.0,0.0,0.0,0.99187,
653,3,32600,COCONUT,9964.0,105,9963.0,58,,0,9965.0,105,9966.0,58,,0,9964.5,0.0,5.0179391334520095e-05,0.9918696,
654,3,32700,COCONUT,9963.0,128,9962.0,52,,0,9964.0,128,9965.0,52,,0,9963.5,0.0,-0.00010036130076667961,0.9918692,
657,3,32800,COCONUT,9963.0,110,9962.0,45,,0,9965.0,155,,0,,0,9964.0,0.0,5.0181909432230856e-05,0.9918688,
659,3,32900,COCONUT,9963.0,108,9962.0,74,,0,9964.0,116,9965.0,74,,0,9963.5,0.0,-5.0181909432191934e-05,0.9918684,
661,3,33000,COCONUT,9963.0,147,9962.0,55,,0,9964.0,147,9965.0,55,,0,9963.5,0.0,0.0,0.9918680000000001,
662,3,33100,COCONUT,9964.0,9,9963.0,195,,0,9965.0,132,9966.0,63,,0,9964.5,0.0,0.00010036130076678986,0.9918676000000001,
665,3,33200,COCONUT,9963.0,112,9962.0,78,,0,9965.0,190,,0,,0,9964.0,0.0,-5.01793913345594e-05,0.9918672000000001,
667,3,33300,COCONUT,9964.0,187,,0,,0,9966.0,119,9967.0,67,,0,9965.0,0.0,0.00010035626482406888,0.9918668,
669,3,33400,COCONUT,9965.0,100,9964.0,59,,0,9967.0,159,,0,,0,9966.0,0.0,0.00010034619445474131,0.9918664,
670,3,33500,COCONUT,9964.0,216,,0,,0,9966.0,141,9967.0,75,,0,9965.0,0.0,-0.0001003461944548111,0.991866,
673,3,33600,COCONUT,9966.0,102,9965.0,50,,0,9967.0,102,9968.0,50,,0,9966.5,0.0,0.0001505155159252829,0.9918656,
675,3,33700,COCONUT,9968.0,146,9967.0,57,,0,9970.0,203,,0,,0,9969.0,0.0,0.0002508088598836123,0.9918652,
677,3,33800,COCONUT,9969.0,135,9968.0,43,,0,9970.0,135,9971.0,43,,0,9969.5,0.0,5.0154224250141956e-05,0.9918648,
678,3,33900,COCONUT,9969.0,133,9968.0,60,,0,9970.0,133,9971.0,60,,0,9969.5,0.0,0.0,0.9918644000000001,
681,3,34000,COCONUT,9969.0,148,9968.0,50,,0,9970.0,148,9971.0,50,,0,9969.5,0.0,0.0,0.9918640000000001,
682,3,34100,COCONUT,9969.0,207,,0,,0,9971.0,150,9972.0,57,,0,9970.0,0.0,5.015170893000019e-05,0.9918636000000001,
685,3,34200,COCONUT,9971.0,108,9970.0,79,,0,9972.0,108,9973.0,79,,0,9971.5,0.0,0.00015044003739230827,0.9918632000000001,
686,3,34300,COCONUT,9971.0,188,,0,,0,9973.0,123,9974.0,62,,0,9972.0,0.0,5.014165017211413e-05,0.9918628,
688,3,34400,COCONUT,9970.0,104,9969.0,44,,0,9972.0,148,,0,,0,9971.0,0.0,-0.00010028581465560488,0.9918624,
690,3,34500,COCONUT,9970.0,138,9969.0,48,,0,9971.0,138,9972.0,48,,0,9970.5,0.0,-5.014667904668405e-05,0.991862,
692,3,34600,COCONUT,9969.0,202,,0,,0,9971.0,150,9972.0,52,,0,9970.0,0.0,-5.014919386225037e-05,0.9918615999999999,
695,3,34700,COCONUT,9968.0,216,,0,,0,9970.0,139,9971.0,77,,0,9969.0,0.0,-0.00010030593317999132,0.9918612,
696,3,34800,COCONUT,9968.0,149,,0,,0,9970.0,103,9971.0,46,,0,9969.0,0.0,0.0,0.9918608,
698,3,34900,COCONUT,9968.0,198,,0,,0,9970.0,138,9971.0,60,,0,9969.0,0.0,0.0,0.9918604,
700,3,35000,COCONUT,9968.0,183,,0,,0,9970.0,130,9971.0,53,,0,9969.0,0.0,0.0,0.99186,
703,3,35100,COCONUT,9969.0,193,,0,,0,9971.0,129,9972.0,64,,0,9970.0,0.0,0.00010030593318000516,0.9918596,
704,3,35200,COCONUT,9971.0,156,9970.0,74,,0,9973.0,220,,0,,0,9972.0,0.0,0.00020058168756438365,0.9918591999999999,
706,3,35300,COCONUT,9971.0,107,9970.0,50,,0,9972.0,107,9973.0,50,,0,9971.5,0.0,-5.0141650172225316e-05,0.9918587999999999,
708,3,35400,COCONUT,9971.0,110,9970.0,70,,0,9972.0,110,9973.0,70,,0,9971.5,0.0,0.0,0.9918583999999999,
711,3,35500,COCONUT,9972.0,139,9971.0,59,,0,9974.0,198,,0,,0,9973.0,0.0,0.00015041740859158694,0.9918579999999999,
712,3,35600,COCONUT,9969.0,198,,0,,0,9971.0,122,9972.0,76,,0,9970.0,0.0,-0.000300857445983933,0.9918576,
714,3,35700,COCONUT,9969.0,111,9968.0,77,,0,9971.0,178,,0,,0,9970.0,0.0,0.0,0.9918572,
716,3,35800,COCONUT,9970.0,145,9969.0,44,,0,9972.0,180,,0,,0,9971.0,0.0,0.00010029587290885666,0.9918568,
719,3,35900,COCONUT,9971.0,137,9970.0,74,,0,9972.0,137,9973.0,74,,0,9971.5,0.0,5.0144164483361115e-05,0.9918564,
720,3,36000,COCONUT,9970.0,135,9969.0,50,,0,9971.0,135,9972.0,50,,0,9970.5,0.0,-0.0001002908435300817,0.991856,
722,3,36100,COCONUT,9969.0,127,9968.0,76,,0,9970.0,127,9971.0,76,,0,9969.5,0.0,-0.00010030090279216389,0.9918556,
724,3,36200,COCONUT,9969.0,115,9968.0,60,,0,9970.0,115,9971.0,60,,0,9969.5,0.0,0.0,0.9918551999999999,
727,3,36300,COCONUT,9969.0,199,,0,,0,9971.0,120,9972.0,79,,0,9970.0,0.0,5.015170893000019e-05,0.9918547999999999,
728,3,36400,COCONUT,9970.0,121,9969.0,63,,0,9971.0,122,9972.0,63,,0,9970.5,0.0,5.014919386230414e-05,0.9918544,
730,3,36500,COCONUT,9969.0,169,,0,,0,9971.0,120,9972.0,49,,0,9970.0,0.0,-5.014919386225037e-05,0.991854,
732,3,36600,COCONUT,9968.0,108,9967.0,70,,0,9969.0,108,9970.0,70,,0,9968.5,0.0,-0.00015046267300250363,0.9918536,
735,3,36700,COCONUT,9967.0,124,9966.0,80,,0,9968.0,124,9969.0,80,,0,9967.5,0.0,-0.00010032102737150742,0.9918532,
736,3,36800,COCONUT,9967.0,220,,0,,0,9969.0,150,9970.0,70,,0,9968.0,0.0,5.016177172435349e-05,0.9918528,
738,3,36900,COCONUT,9968.0,107,9967.0,44,,0,9969.0,107,9970.0,44,,0,9968.5,0.0,5.015925564709658e-05,0.9918524,
740,3,37000,COCONUT,9967.0,145,9966.0,76,,0,9969.0,221,,0,,0,9968.0,0.0,-5.015925564713211e-05,0.991852,
743,3,37100,COCONUT,9967.0,119,9966.0,62,,0,9968.0,119,9969.0,62,,0,9967.5,0.0,-5.016177172433976e-05,0.9918515999999999,
744,3,37200,COCONUT,9967.0,122,9966.0,51,,0,9968.0,122,9969.0,51,,0,9967.5,0.0,0.0,0.9918511999999999,
746,3,37300,COCONUT,9965.0,194,,0,,0,9967.0,131,9968.0,63,,0,9966.0,0.0,-0.00015050041416016574,0.9918508,
748,3,37400,COCONUT,9967.0,106,9966.0,57,,0,9969.0,163,,0,,0,9968.0,0.0,0.000200662185884569,0.9918504,
751,3,37500,COCONUT,9967.0,94,9966.0,54,,0,9968.0,104,9969.0,54,,0,9967.5,0.0,-5.016177172433976e-05,0.99185,
752,3,37600,COCONUT,9967.0,119,9966.0,70,,0,9968.0,119,9969.0,70,,0,9967.5,0.0,0.0,0.9918496,
754,3,37700,COCONUT,9967.0,141,9966.0,76,,0,9969.0,217,,0,,0,9968.0,0.0,5.016177172435349e-05,0.9918492,
756,3,37800,COCONUT,9967.0,144,9966.0,48,,0,9969.0,192,,0,,0,9968.0,0.0,0.0,0.9918488,
759,3,37900,COCONUT,9966.0,139,9965.0,65,,0,9967.0,139,9968.0,65,,0,9966.5,0.0,-0.0001504928644140805,0.9918484,
760,3,38000,COCONUT,9967.0,112,9966.0,55,,0,9968.0,112,9969.0,55,,0,9967.5,0.0,0.00010033109268970384,0.991848,
762,3,38100,COCONUT,9965.0,135,9964.0,50,,0,9966.0,135,9967.0,50,,0,9965.5,0.0,-0.0002006722527177722,0.9918476,
764,3,38200,COCONUT,9967.0,115,9966.0,46,,0,9968.0,124,9969.0,46,,0,9967.5,0.0,0.0002006722527178116,0.9918472,
767,3,38300,COCONUT,9968.0,147,9967.0,60,,0,9969.0,147,9970.0,60,,0,9968.5,0.0,0.0001003210273713528,0.9918468,
768,3,38400,COCONUT,9966.0,126,9965.0,63,,0,9968.0,194,,0,,0,9967.0,0.0,-0.00015048531542533828,0.9918464,
770,3,38500,COCONUT,9966.0,137,9965.0,75,,0,9968.0,212,,0,,0,9967.0,0.0,0.0,0.991846,
772,3,38600,COCONUT,9965.0,144,9964.0,56,,0,9966.0,144,9967.0,56,,0,9965.5,0.0,-0.00015050796466392716,0.9918456,
775,3,38700,COCONUT,9964.0,118,9963.0,59,,0,9965.0,118,9966.0,59,,0,9964.5,0.0,-0.00010035122938679905,0.9918452,
776,3,38800,COCONUT,9962.0,132,9961.0,58,,0,9963.0,132,9964.0,58,,0,9962.5,0.0,-0.00020073267493503894,0.9918448,
778,3,38900,COCONUT,9961.0,104,9960.0,80,,0,9963.0,184,,0,,0,9962.0,0.0,-5.018946524176835e-05,0.9918444,
781,3,39000,COCONUT,9960.0,114,9959.0,54,,0,9962.0,168,,0,,0,9961.0,0.0,-0.0001003864880629706,0.9918440000000001,
783,3,39100,COCONUT,9962.0,150,9961.0,64,,0,9963.0,150,9964.0,64,,0,9962.5,0.0,0.0001505759533047196,0.9918436,
785,3,39200,COCONUT,9962.0,105,9961.0,50,,0,9963.0,105,9964.0,50,,0,9962.5,0.0,0.0,0.9918432,
786,3,39300,COCONUT,9962.0,147,9961.0,43,,0,9963.0,147,9964.0,43,,0,9962.5,0.0,0.0,0.9918428,
789,3,39400,COCONUT,9963.0,224,,0,,0,9965.0,148,9966.0,76,,0,9964.0,0.0,0.0001505532836006263,0.9918424,
791,3,39500,COCONUT,9963.0,132,9962.0,60,,0,9964.0,132,9965.0,60,,0,9963.5,0.0,-5.0181909432191934e-05,0.991842,
793,3,39600,COCONUT,9964.0,215,,0,,0,9966.0,144,9967.0,71,,0,9965.0,0.0,0.00015053817425615557,0.9918416,
794,3,39700,COCONUT,9964.0,116,9963.0,53,,0,9965.0,116,9966.0,53,,0,9964.5,0.0,-5.0176873489521614e-05,0.9918412,
797,3,39800,COCONUT,9962.0,172,,0,,0,9964.0,123,9965.0,49,,0,9963.0,0.0,-0.00015054572854932127,0.9918408,
799,3,39900,COCONUT,9961.0,162,,0,,0,9962.0,10,9963.0,108,9964.0,54,9961.5,0.0,-0.00015056839597824725,0.9918404000000001,
801,3,40000,COCONUT,9962.0,113,9961.0,70,,0,9963.0,113,9964.0,70,,0,9962.5,0.0,0.00010038144959242428,0.99184,
802,3,40100,COCONUT,9961.0,120,9960.0,68,,0,9962.0,120,9963.0,68,,0,9961.5,0.0,-0.00010038144959239122,0.9918396,
805,3,40200,COCONUT,9961.0,131,9960.0,63,,0,9963.0,194,,0,,0,9962.0,0.0,5.01919843506394e-05,0.9918392,
807,3,40300,COCONUT,9961.0,116,9960.0,67,,0,9962.0,116,9963.0,67,,0,9961.5,0.0,-5.019198435066814e-05,0.9918388,
809,3,40400,COCONUT,9961.0,117,9960.0,64,,0,9962.0,117,9963.0,64,,0,9961.5,0.0,0.0,0.9918384,
810,3,40500,COCONUT,9961.0,110,9960.0,56,,0,9962.0,110,9963.0,56,,0,9961.5,0.0,0.0,0.991838,
813,3,40600,COCONUT,9960.0,156,,0,,0,9962.0,107,9963.0,49,,0,9961.0,0.0,-5.0194503712384745e-05,0.9918376,
815,3,40700,COCONUT,9959.0,141,9958.0,61,,0,9960.0,141,9961.0,61,,0,9959.5,0.0,-0.00015059862983712757,0.9918372000000001,
817,3,40800,COCONUT,9959.0,109,9958.0,80,,0,9960.0,109,9961.0,80,,0,9959.5,0.0,0.0,0.9918368000000001,
818,3,40900,COCONUT,9960.0,127,9959.0,77,,0,9961.0,127,9962.0,77,,0,9960.5,0.0,0.00010040160651014399,0.9918364000000001,
821,3,41000,COCONUT,9957.0,103,9956.0,41,,0,9959.0,144,,0,,0,9958.0,0.0,-0.00025102291971053825,0.991836,
823,3,41100,COCONUT,9957.0,126,9956.0,80,,0,9958.0,126,9959.0,80,,0,9957.5,0.0,-5.021214632871242e-05,0.9918356,
825,3,41200,COCONUT,9957.0,133,9956.0,62,,0,9958.0,136,9959.0,62,,0,9957.5,0.0,0.0,0.9918352,
826,3,41300,COCONUT,9957.0,175,,0,,0,9959.0,134,9960.0,41,,0,9958.0,0.0,5.021214632882947e-05,0.9918348,
829,3,41400,COCONUT,9958.0,143,9957.0,51,,0,9959.0,143,9960.0,51,,0,9958.5,0.0,5.020962519577547e-05,0.9918344,
831,3,41500,COCONUT,9959.0,139,9958.0,41,,0,9960.0,139,9961.0,41,,0,9959.5,0.0,0.00010041168800489557,0.991834,
833,3,41600,COCONUT,9958.0,186,,0,,0,9960.0,133,9961.0,53,,0,9959.0,0.0,-5.020458368908481e-05,0.9918336000000001,
834,3,41700,COCONUT,9958.0,178,,0,,0,9960.0,122,9961.0,56,,0,9959.0,0.0,0.0,0.9918332000000001,
837,3,41800,COCONUT,9958.0,208,,0,,0,9960.0,143,9961.0,65,,0,9959.0,0.0,0.0,0.9918328000000001,
839,3,41900,COCONUT,9958.0,129,9957.0,64,,0,9960.0,193,,0,,0,9959.0,0.0,0.0,0.9918324000000001,
841,3,42000,COCONUT,9958.0,103,9957.0,49,,0,9959.0,103,9960.0,49,,0,9958.5,0.0,-5.0207104315773754e-05,0.991832,
842,3,42100,COCONUT,9958.0,122,9957.0,56,,0,9959.0,122,9960.0,56,,0,9958.5,0.0,0.0,0.9918316,
845,3,42200,COCONUT,9957.0,148,9956.0,60,,0,9959.0,208,,0,,0,9958.0,0.0,-5.020962519572364e-05,0.9918311999999999,
847,3,42300,COCONUT,9958.0,116,9957.0,79,,0,9959.0,116,9960.0,79,,0,9958.5,0.0,5.020962519577547e-05,0.9918307999999999,
849,3,42400,COCONUT,9959.0,149,9958.0,71,,0,9960.0,149,9961.0,71,,0,9959.5,0.0,0.00010041168800489557,0.9918304,
850,3,42500,COCONUT,9960.0,101,9959.0,57,,0,9961.0,101,9962.0,57,,0,9960.5,0.0,0.00010040160651014399,0.99183,
853,3,42600,COCONUT,9958.0,119,9957.0,80,,0,9960.0,199,,0,,0,9959.0,0.0,-0.00015060619019911998,0.9918296,
855,3,42700,COCONUT,9959.0,139,9958.0,75,,0,9960.0,139,9961.0,75,,0,9959.5,0.0,5.020458368900282e-05,0.9918292,
857,3,42800,COCONUT,9958.0,145,9957.0,73,,0,9959.0,145,9960.0,73,,0,9958.5,0.0,-0.00010041168800482952,0.9918288,
858,3,42900,COCONUT,9956.0,179,,0,,0,9958.0,130,9959.0,49,,0,9957.0,0.0,-0.00015063643923939952,0.9918283999999999,
860,3,43000,COCONUT,9957.0,108,9956.0,61,,0,9958.0,108,9959.0,61,,0,9957.5,0.0,5.021466771499526e-05,0.9918279999999999,
862,3,43100,COCONUT,9957.0,101,9956.0,56,,0,9958.0,101,9959.0,56,,0,9957.5,0.0,0.0,0.9918275999999999,
865,3,43200,COCONUT,9957.0,139,9956.0,80,,0,9958.0,146,9959.0,80,,0,9957.5,0.0,0.0,0.9918271999999999,
866,3,43300,COCONUT,9956.0,164,,0,,0,9958.0,123,9959.0,41,,0,9957.0,0.0,-5.0214667714962135e-05,0.9918268,
868,3,43400,COCONUT,9957.0,123,9956.0,54,,0,9958.0,123,9959.0,54,,0,9957.5,0.0,5.021466771499526e-05,0.9918264,
870,3,43500,COCONUT,9956.0,138,9955.0,47,,0,9957.0,138,9958.0,47,,0,9956.5,0.0,-0.00010043185706940182,0.991826,
872,3,43600,COCONUT,9956.0,129,9955.0,80,,0,9957.0,129,9958.0,80,,0,9956.5,0.0,0.0,0.9918256,
875,3,43700,COCONUT,9956.0,144,9955.0,40,,0,9958.0,184,,0,,0,9957.0,0.0,5.0217189354494856e-05,0.9918252,
876,3,43800,COCONUT,9957.0,127,9956.0,59,,0,9959.0,180,,0,,0,9958.0,0.0,0.00010042681404374683,0.9918248,
878,3,43900,COCONUT,9957.0,111,9956.0,45,,0,9958.0,111,9959.0,45,,0,9957.5,0.0,-5.021214632871242e-05,0.9918243999999999,
880,3,44000,COCONUT,9956.0,127,9955.0,57,,0,9957.0,127,9958.0,57,,0,9956.5,0.0,-0.00010043185706940182,0.9918239999999999,
883,3,44100,COCONUT,9955.0,101,9954.0,53,,0,9956.0,101,9957.0,53,,0,9955.5,0.0,-0.00010044194464043754,0.9918236,
884,3,44200,COCONUT,9954.0,167,,0,,0,9956.0,106,9957.0,61,,0,9955.0,0.0,-5.022475579268153e-05,0.9918232,
886,3,44300,COCONUT,9955.0,145,9954.0,57,,0,9957.0,202,,0,,0,9956.0,0.0,0.00010044698918591888,0.9918228,
888,3,44400,COCONUT,9955.0,204,,0,,0,9957.0,129,9958.0,75,,0,9956.0,0.0,0.0,0.9918224,
891,3,44500,COCONUT,9955.0,207,,0,,0,9957.0,150,9958.0,57,,0,9956.0,0.0,0.0,0.991822,
892,3,44600,COCONUT,9956.0,201,,0,,0,9958.0,132,9959.0,69,,0,9957.0,0.0,0.00010043690060168496,0.9918216,
894,3,44700,COCONUT,9957.0,135,9956.0,61,,0,9958.0,135,9959.0,61,,0,9957.5,0.0,5.021466771499526e-05,0.9918212,
896,3,44800,COCONUT,9957.0,144,9956.0,50,,0,9958.0,144,9959.0,50,,0,9957.5,0.0,0.0,0.9918208,
899,3,44900,COCONUT,9955.0,143,9954.0,68,,0,9956.0,143,9957.0,68,,0,9955.5,0.0,-0.00020087380170995107,0.9918203999999999,
900,3,45000,COCONUT,9954.0,118,9953.0,43,,0,9955.0,118,9956.0,43,,0,9954.5,0.0,-0.00010045203423815764,0.99182,
902,3,45100,COCONUT,9953.0,136,9952.0,73,,0,9955.0,209,,0,,0,9954.0,0.0,-5.0229801351717605e-05,0.9918196,
904,3,45200,COCONUT,9954.0,125,9953.0,77,,0,9955.0,125,9956.0,77,,0,9954.5,0.0,5.0229801351777974e-05,0.9918192,
907,3,45300,COCONUT,9954.0,111,9953.0,74,,0,9956.0,185,,0,,0,9955.0,0.0,5.02272784453873e-05,0.9918188,
908,3,45400,COCONUT,9954.0,150,9953.0,43,,0,9955.0,150,9956.0,43,,0,9954.5,0.0,-5.022727844545806e-05,0.9918184,
910,3,45500,COCONUT,9954.0,124,9953.0,61,,0,9955.0,124,9956.0,61,,0,9954.5,0.0,0.0,0.991818,
912,3,45600,COCONUT,9952.0,134,9951.0,70,,0,9954.0,204,,0,,0,9953.0,0.0,-0.00015069697378758938,0.9918176,
915,3,45700,COCONUT,9953.0,190,,0,,0,9955.0,118,9956.0,72,,0,9954.0,0.0,0.00010046717243593822,0.9918172,
916,3,45800,COCONUT,9953.0,148,9952.0,58,,0,9954.0,148,9955.0,58,,0,9953.5,0.0,-5.023232451134913e-05,0.9918167999999999,
918,3,45900,COCONUT,9953.0,146,9952.0,47,,0,9955.0,193,,0,,0,9954.0,0.0,5.0232324511280426e-05,0.9918164,
920,3,46000,COCONUT,9953.0,116,9952.0,60,,0,9954.0,116,9955.0,60,,0,9953.5,0.0,-5.023232451134913e-05,0.991816,
923,3,46100,COCONUT,9951.0,102,9950.0,69,,0,9953.0,171,,0,,0,9952.0,0.0,-0.00015071211502746924,0.9918156,
924,3,46200,COCONUT,9951.0,6,9950.0,168,,0,9952.0,112,9953.0,56,,0,9951.5,0.0,-5.0242419685482606e-05,0.9918152,
926,3,46300,COCONUT,9951.0,150,9950.0,75,,0,9953.0,225,,0,,0,9952.0,0.0,5.024241968551464e-05,0.9918148,
928,3,46400,COCONUT,9949.0,163,,0,,0,9951.0,113,9952.0,50,,0,9950.0,0.0,-0.00020098482632226688,0.9918144,
931,3,46500,COCONUT,9948.0,123,9947.0,46,,0,9950.0,169,,0,,0,9949.0,0.0,-0.00010050756327869729,0.991814,
932,3,46600,COCONUT,9948.0,117,9947.0,46,,0,9950.0,168,,0,,0,9949.0,0.0,0.0,0.9918136,
934,3,46700,COCONUT,9949.0,196,,0,,0,9950.0,10,9951.0,141,9952.0,55,9949.5,0.0,5.025504436058934e-05,0.9918132000000001,
936,3,46800,COCONUT,9951.0,115,9950.0,44,,0,9952.0,115,9953.0,44,,0,9951.5,0.0,0.00020099492555481142,0.9918128,
939,3,46900,COCONUT,9951.0,103,9950.0,44,,0,9953.0,147,,0,,0,9952.0,0.0,5.024241968551464e-05,0.9918124,
940,3,47000,COCONUT,9949.0,185,,0,,0,9951.0,124,9952.0,61,,0,9950.0,0.0,-0.00020098482632226688,0.991812,
942,3,47100,COCONUT,9948.0,144,9947.0,49,,0,9949.0,144,9950.0,49,,0,9948.5,0.0,-0.00015076513333579867,0.9918116,
944,3,47200,COCONUT,9948.0,123,9947.0,44,,0,9949.0,123,9950.0,44,,0,9948.5,0.0,0.0,0.9918112,
947,3,47300,COCONUT,9948.0,104,9947.0,52,,0,9950.0,156,,0,,0,9949.0,0.0,5.025757005698225e-05,0.9918108,
948,3,47400,COCONUT,9948.0,172,,0,,0,9949.0,7,9950.0,129,9951.0,43,9948.5,0.0,-5.025757005711357e-05,0.9918104,
950,3,47500,COCONUT,9949.0,149,9948.0,62,,0,9950.0,149,9951.0,62,,0,9949.5,0.0,0.00010051261441777331,0.99181,
952,3,47600,COCONUT,9948.0,186,,0,,0,9950.0,143,9951.0,43,,0,9949.0,0.0,-5.025504436065329e-05,0.9918096000000001,
955,3,47700,COCONUT,9948.0,189,,0,,0,9950.0,122,9951.0,67,,0,9949.0,0.0,0.0,0.9918092000000001,
956,3,47800,COCONUT,9948.0,169,,0,,0,9950.0,110,9951.0,59,,0,9949.0,0.0,0.0,0.9918088,
958,3,47900,COCONUT,9949.0,122,9948.0,55,,0,9951.0,177,,0,,0,9950.0,0.0,0.00010050756327883271,0.9918084,
961,3,48000,COCONUT,9950.0,174,,0,,0,9952.0,174,,0,,0,9951.0,0.0,0.00010049746252372586,0.991808,
963,3,48100,COCONUT,9952.0,137,9951.0,71,,0,9953.0,134,9954.0,71,,0,9952.5,0.0,0.0001507272593102216,0.9918076,
965,3,48200,COCONUT,9952.0,199,,0,,0,9954.0,129,9955.0,70,,0,9953.0,0.0,5.023737159117485e-05,0.9918072,
966,3,48300,COCONUT,9953.0,131,9952.0,60,,0,9954.0,131,9955.0,60,,0,9953.5,0.0,5.023484792456074e-05,0.9918068,
969,3,48400,COCONUT,9952.0,185,,0,,0,9954.0,108,9955.0,77,,0,9953.0,0.0,-5.02348479245747e-05,0.9918064000000001,
971,3,48500,COCONUT,9955.0,120,9954.0,44,,0,9957.0,164,,0,,0,9956.0,0.0,0.00030137124141906436,0.9918060000000001,
973,3,48600,COCONUT,9956.0,165,,0,,0,9958.0,100,9959.0,65,,0,9957.0,0.0,0.00010043690060168496,0.9918056000000001,
974,3,48700,COCONUT,9957.0,135,9956.0,74,,0,9959.0,204,,0,,0,9958.0,0.0,0.00010042681404374683,0.9918052,
977,3,48800,COCONUT,9957.0,137,9956.0,56,,0,9959.0,193,,0,,0,9958.0,0.0,0.0,0.9918048,
979,3,48900,COCONUT,9957.0,137,9956.0,74,,0,9959.0,211,,0,,0,9958.0,0.0,0.0,0.9918044,
981,3,49000,COCONUT,9958.0,111,9957.0,59,,0,9959.0,111,9960.0,59,,0,9958.5,0.0,5.020962519577547e-05,0.991804,
982,3,49100,COCONUT,9956.0,134,9955.0,49,,0,9958.0,183,,0,,0,9957.0,0.0,-0.00015063643923939952,0.9918036,
985,3,49200,COCONUT,9957.0,119,9956.0,43,,0,9958.0,119,9959.0,43,,0,9957.5,0.0,5.021466771499526e-05,0.9918032,
987,3,49300,COCONUT,9957.0,146,9956.0,76,,0,9958.0,146,9959.0,76,,0,9957.5,0.0,0.0,0.9918028000000001,
989,3,49400,COCONUT,9957.0,141,9956.0,52,,0,9958.0,131,9959.0,52,,0,9957.5,0.0,0.0,0.9918024000000001,
990,3,49500,COCONUT,9956.0,170,,0,,0,9958.0,104,9959.0,66,,0,9957.0,0.0,-5.0214667714962135e-05,0.9918020000000001,
993,3,49600,COCONUT,9956.0,136,9955.0,77,,0,9957.0,136,9958.0,77,,0,9956.5,0.0,-5.0217189354472806e-05,0.9918016000000001,
995,3,49700,COCONUT,9956.0,196,,0,,0,9958.0,116,9959.0,80,,0,9957.0,0.0,5.0217189354494856e-05,0.9918012,
997,3,49800,COCONUT,9954.0,150,9953.0,78,,0,9956.0,228,,0,,0,9955.0,0.0,-0.00020088388978766744,0.9918007999999999,
998,3,49900,COCONUT,9953.0,206,,0,,0,9955.0,127,9956.0,79,,0,9954.0,0.0,-0.0001004570797971354,0.9918003999999999,
1001,3,50000,COCONUT,9953.0,175,,0,,0,9955.0,123,9956.0,52,,0,9954.0,0.0,0.0,0.9917999999999999,
1003,3,50100,COCONUT,9954.0,113,9953.0,49,,0,9955.0,113,9956.0,49,,0,9954.5,0.0,5.0229801351777974e-05,0.9917996,
1005,3,50200,COCONUT,9953.0,200,,0,,0,9955.0,128,9956.0,72,,0,9954.0,0.0,-5.0229801351717605e-05,0.9917992,
1006,3,50300,COCONUT,9954.0,105,9953.0,76,,0,9956.0,181,,0,,0,9955.0,0.0,0.00010045707979711464,0.9917988,
1009,3,50400,COCONUT,9955.0,139,9954.0,45,,0,9957.0,184,,0,,0,9956.0,0.0,0.00010044698918591888,0.9917984,
1011,3,50500,COCONUT,9957.0,136,9956.0,56,,0,9958.0,142,9959.0,56,,0,9957.5,0.0,0.0001506515683165641,0.991798,
1013,3,50600,COCONUT,9955.0,136,9954.0,70,,0,9957.0,206,,0,,0,9956.0,0.0,-0.0001506515683167021,0.9917976,
1014,3,50700,COCONUT,9956.0,102,9955.0,46,,0,9957.0,102,9958.0,46,,0,9956.5,0.0,5.0219711247106236e-05,0.9917971999999999,
1017,3,50800,COCONUT,9956.0,149,,0,,0,9958.0,107,9959.0,42,,0,9957.0,0.0,5.0217189354494856e-05,0.9917967999999999,
1019,3,50900,COCONUT,9954.0,148,9953.0,80,,0,9956.0,228,,0,,0,9955.0,0.0,-0.00020088388978766744,0.9917963999999999,
1021,3,51000,COCONUT,9953.0,109,9952.0,59,,0,9954.0,109,9955.0,59,,0,9953.5,0.0,-0.00015068940430860596,0.991796,
1022,3,51100,COCONUT,9954.0,168,,0,,0,9956.0,113,9957.0,55,,0,9955.0,0.0,0.0001506894043084797,0.9917956,
1025,3,51200,COCONUT,9955.0,132,9954.0,58,,0,9956.0,132,9957.0,58,,0,9955.5,0.0,5.0224755792774494e-05,0.9917952,
1027,3,51300,COCONUT,9955.0,194,,0,,0,9957.0,120,9958.0,74,,0,9956.0,0.0,5.022223339327346e-05,0.9917948,
1029,3,51400,COCONUT,9956.0,168,,0,,0,9958.0,116,9959.0,52,,0,9957.0,0.0,0.00010043690060168496,0.9917944,
1030,3,51500,COCONUT,9956.0,130,9955.0,68,,0,9958.0,198,,0,,0,9957.0,0.0,0.0,0.991794,
1033,3,51600,COCONUT,9958.0,117,9957.0,50,,0,9960.0,167,,0,,0,9959.0,0.0,0.00020084354355526365,0.9917935999999999,
1035,3,51700,COCONUT,9959.0,142,9958.0,60,,0,9960.0,142,9961.0,60,,0,9959.5,0.0,5.020458368900282e-05,0.9917931999999999,
1037,3,51800,COCONUT,9960.0,116,9959.0,71,,0,9962.0,187,,0,,0,9961.0,0.0,0.0001505986298371405,0.9917928,
1038,3,51900,COCONUT,9961.0,105,9960.0,78,,0,9963.0,183,,0,,0,9962.0,0.0,0.00010038648806296453,0.9917924,
1040,3,52000,COCONUT,9962.0,129,9961.0,67,,0,9963.0,129,9964.0,67,,0,9962.5,0.0,5.0189465241813624e-05,0.991792,
1042,3,52100,COCONUT,9963.0,124,9962.0,49,,0,9964.0,124,9965.0,49,,0,9963.5,0.0,0.00010037137416834616,0.9917916,
1045,3,52200,COCONUT,9962.0,148,9961.0,61,,0,9963.0,148,9964.0,61,,0,9962.5,0.0,-0.00010037137416835859,0.9917912,
1046,3,52300,COCONUT,9962.0,132,9961.0,53,,0,9963.0,132,9964.0,53,,0,9962.5,0.0,0.0,0.9917908,
1048,3,52400,COCONUT,9962.0,102,9961.0,78,,0,9964.0,180,,0,,0,9963.0,0.0,5.018694638587762e-05,0.9917904,
1050,3,52500,COCONUT,9961.0,126,9960.0,80,,0,9963.0,206,,0,,0,9962.0,0.0,-0.00010037641162759457,0.99179,
1052,3,52600,COCONUT,9961.0,119,9960.0,59,,0,9963.0,173,,0,,0,9962.0,0.0,0.0,0.9917895999999999,
1055,3,52700,COCONUT,9961.0,149,9960.0,77,,0,9963.0,226,,0,,0,9962.0,0.0,0.0,0.9917892,
1056,3,52800,COCONUT,9960.0,136,9959.0,70,,0,9961.0,128,9962.0,70,,0,9960.5,0.0,-0.00015058351139005837,0.9917888,
1058,3,52900,COCONUT,9959.0,95,9958.0,52,,0,9960.0,102,9961.0,52,,0,9959.5,0.0,-0.00010040160651007146,0.9917884,
1060,3,53000,COCONUT,9960.0,138,9959.0,57,,0,9961.0,138,9962.0,57,,0,9960.5,0.0,0.00010040160651014399,0.991788,
1063,3,53100,COCONUT,9961.0,136,9960.0,40,,0,9962.0,136,9963.0,40,,0,9961.5,0.0,0.00010039152703946823,0.9917876,
1064,3,53200,COCONUT,9958.0,175,,0,,0,9960.0,135,9961.0,40,,0,9959.0,0.0,-0.000250997717238527,0.9917872,
1066,3,53300,COCONUT,9956.0,132,9955.0,48,,0,9957.0,138,9958.0,48,,0,9956.5,0.0,-0.0002510607329096501,0.9917868,
1068,3,53400,COCONUT,9956.0,108,9955.0,70,,0,9958.0,178,,0,,0,9957.0,0.0,5.0217189354494856e-05,0.9917864,
1071,3,53500,COCONUT,9957.0,122,9956.0,49,,0,9959.0,171,,0,,0,9958.0,0.0,0.00010042681404374683,0.991786,
1072,3,53600,COCONUT,9958.0,143,9957.0,67,,0,9960.0,210,,0,,0,9959.0,0.0,0.00010041672951143852,0.9917856,
1074,3,53700,COCONUT,9959.0,136,9958.0,63,,0,9960.0,127,9961.0,63,,0,9959.5,0.0,5.020458368900282e-05,0.9917852,
1076,3,53800,COCONUT,9960.0,126,9959.0,67,,0,9961.0,126,9962.0,67,,0,9960.5,0.0,0.00010040160651014399,0.9917848,
1079,3,53900,COCONUT,9958.0,118,9957.0,53,,0,9959.0,118,9960.0,53,,0,9958.5,0.0,-0.00020081329451493944,0.9917844,
1080,3,54000,COCONUT,9959.0,120,9958.0,64,,0,9961.0,184,,0,,0,9960.0,0.0,0.00015061375132026828,0.991784,
1082,3,54100,COCONUT,9959.0,115,9958.0,46,,0,9960.0,115,9961.0,46,,0,9959.5,0.0,-5.020206331532371e-05,0.9917836,
1084,3,54200,COCONUT,9960.0,101,9959.0,53,,0,9961.0,101,9962.0,53,,0,9960.5,0.0,0.00010040160651014399,0.9917832,
1087,3,54300,COCONUT,9960.0,128,9959.0,42,,0,9962.0,177,,0,,0,9961.0,0.0,5.019702332696023e-05,0.9917828,
1088,3,54400,COCONUT,9960.0,115,9959.0,42,,0,9961.0,115,9962.0,42,,0,9960.5,0.0,-5.01970233270292e-05,0.9917824000000001,
1090,3,54500,COCONUT,9960.0,119,9959.0,73,,0,9961.0,119,9962.0,73,,0,9960.5,0.0,0.0,0.991782,
1092,3,54600,COCONUT,9961.0,110,9960.0,59,,0,9962.0,110,9963.0,59,,0,9961.5,0.0,0.00010039152703946823,0.9917816,
1095,3,54700,COCONUT,9961.0,103,9960.0,66,,0,9962.0,103,9963.0,66,,0,9961.5,0.0,0.0,0.9917812,
1096,3,54800,COCONUT,9962.0,177,,0,,0,9964.0,177,,0,,0,9963.0,0.0,0.00015056839597820743,0.9917808,
1098,3,54900,COCONUT,9961.0,124,9960.0,80,,0,9962.0,124,9963.0,80,,0,9961.5,0.0,-0.00015056839597824725,0.9917804,
1100,3,55000,COCONUT,9961.0,100,9960.0,63,,0,9963.0,163,,0,,0,9962.0,0.0,5.01919843506394e-05,0.99178,
1103,3,55100,COCONUT,9961.0,103,9960.0,45,,0,9963.0,148,,0,,0,9962.0,0.0,0.0,0.9917796,
1104,3,55200,COCONUT,9961.0,142,9960.0,71,,0,9963.0,213,,0,,0,9962.0,0.0,0.0,0.9917792,
1106,3,55300,COCONUT,9961.0,108,9960.0,70,,0,9962.0,108,9963.0,70,,0,9961.5,0.0,-5.019198435066814e-05,0.9917788000000001,
1108,3,55400,COCONUT,9961.0,114,9960.0,49,,0,9962.0,114,9963.0,49,,0,9961.5,0.0,0.0,0.9917784000000001,
1111,3,55500,COCONUT,9960.0,98,9959.0,46,,0,9961.0,104,9962.0,46,,0,9960.5,0.0,-0.00010039152703944377,0.991778,
1112,3,55600,COCONUT,9959.0,212,,0,,0,9961.0,146,9962.0,66,,0,9960.0,0.0,-5.019954319471253e-05,0.9917776,
1114,3,55700,COCONUT,9960.0,148,9959.0,67,,0,9961.0,148,9962.0,67,,0,9960.5,0.0,5.0199543194677327e-05,0.9917772,
1116,3,55800,COCONUT,9960.0,102,9959.0,43,,0,9961.0,102,9962.0,43,,0,9960.5,0.0,0.0,0.9917768,
1119,3,55900,COCONUT,9961.0,141,9960.0,70,,0,9963.0,211,,0,,0,9962.0,0.0,0.00015058351139000885,0.9917764,
1120,3,56000,COCONUT,9960.0,106,9959.0,43,,0,9961.0,106,9962.0,43,,0,9960.5,0.0,-0.00015058351139005837,0.991776,
1122,3,56100,COCONUT,9958.0,146,9957.0,45,,0,9959.0,137,9960.0,45,,0,9958.5,0.0,-0.00020081329451493944,0.9917756000000001,
1124,3,56200,COCONUT,9958.0,111,9957.0,57,,0,9959.0,111,9960.0,57,,0,9958.5,0.0,0.0,0.9917752000000001,
1127,3,56300,COCONUT,9959.0,125,9958.0,57,,0,9960.0,125,9961.0,57,,0,9959.5,0.0,0.00010041168800489557,0.9917748000000001,
1128,3,56400,COCONUT,9959.0,153,,0,,0,9961.0,107,9962.0,46,,0,9960.0,0.0,5.020206331528418e-05,0.9917744000000001,
1130,3,56500,COCONUT,9960.0,134,9959.0,62,,0,9961.0,134,9962.0,62,,0,9960.5,0.0,5.0199543194677327e-05,0.991774,
1132,3,56600,COCONUT,9960.0,130,9959.0,77,,0,9961.0,130,9962.0,77,,0,9960.5,0.0,0.0,0.9917736,
1135,3,56700,COCONUT,9958.0,136,9957.0,43,,0,9960.0,179,,0,,0,9959.0,0.0,-0.00015060619019911998,0.9917732,
1137,3,56800,COCONUT,9958.0,147,9957.0,70,,0,9960.0,217,,0,,0,9959.0,0.0,0.0,0.9917728,
1138,3,56900,COCONUT,9958.0,117,9957.0,42,,0,9959.0,117,9960.0,42,,0,9958.5,0.0,-5.0207104315773754e-05,0.9917724,
1141,3,57000,COCONUT,9959.0,133,9958.0,76,,0,9960.0,133,9961.0,76,,0,9959.5,0.0,0.00010041168800489557,0.9917720000000001,
1143,3,57100,COCONUT,9957.0,186,,0,,0,9959.0,131,9960.0,55,,0,9958.0,0.0,-0.00015062131320057564,0.9917716000000001,
1145,3,57200,COCONUT,9958.0,137,9957.0,41,,0,9959.0,137,9960.0,41,,0,9958.5,0.0,5.020962519577547e-05,0.9917712000000001,
1146,3,57300,COCONUT,9958.0,150,9957.0,75,,0,9959.0,150,9960.0,75,,0,9958.5,0.0,0.0,0.9917708000000001,
1149,3,57400,COCONUT,9956.0,149,9955.0,49,,0,9958.0,198,,0,,0,9957.0,0.0,-0.00015063643923939952,0.9917703999999999,
1151,3,57500,COCONUT,9954.0,183,,0,,0,9956.0,138,9957.0,42,,0,9955.0,0.0,-0.00020088388978766744,0.9917699999999999,
1153,3,57600,COCONUT,9955.0,105,9954.0,77,,0,9957.0,182,,0,,0,9956.0,0.0,0.00010044698918591888,0.9917695999999999,
1154,3,57700,COCONUT,9956.0,126,9955.0,80,,0,9958.0,206,,0,,0,9957.0,0.0,0.00010043690060168496,0.9917691999999999,
1157,3,57800,COCONUT,9955.0,138,9954.0,56,,0,9957.0,194,,0,,0,9956.0,0.0,-0.00010043690060169516,0.9917688,
1159,3,57900,COCONUT,9955.0,168,,0,,0,9957.0,115,9958.0,53,,0,9956.0,0.0,0.0,0.9917684,
1161,3,58000,COCONUT,9954.0,115,9953.0,42,,0,9955.0,115,9956.0,42,,0,9954.5,0.0,-0.0001506742676314417,0.991768,
1162,3,58100,COCONUT,9952.0,181,,0,,0,9954.0,110,9955.0,71,,0,9953.0,0.0,-0.00015069697378758938,0.9917676,
1165,3,58200,COCONUT,9953.0,136,9952.0,65,,0,9955.0,201,,0,,0,9954.0,0.0,0.00010046717243593822,0.9917672,
1167,3,58300,COCONUT,9954.0,160,,0,,0,9956.0,113,9957.0,47,,0,9955.0,0.0,0.00010045707979711464,0.9917668,
1169,3,58400,COCONUT,9954.0,118,9953.0,72,,0,9955.0,118,9956.0,72,,0,9954.5,0.0,-5.022727844545806e-05,0.9917663999999999,
1170,3,58500,COCONUT,9953.0,111,9952.0,76,,0,9954.0,111,9955.0,76,,0,9953.5,0.0,-0.00010046212586311737,0.9917659999999999,
1173,3,58600,COCONUT,9953.0,141,9952.0,67,,0,9954.0,141,9955.0,67,,0,9953.5,0.0,0.0,0.9917655999999999,
1175,3,58700,COCONUT,9953.0,143,9952.0,51,,0,9954.0,143,9955.0,51,,0,9953.5,0.0,0.0,0.9917652,
1177,3,58800,COCONUT,9952.0,144,9951.0,47,,0,9953.0,144,9954.0,47,,0,9952.5,0.0,-0.00010047221951587195,0.9917648,
1178,3,58900,COCONUT,9954.0,116,9953.0,64,,0,9955.0,122,9956.0,64,,0,9954.5,0.0,0.00020093434537892714,0.9917644,
1181,3,59000,COCONUT,9953.0,170,,0,,0,9955.0,109,9956.0,61,,0,9954.0,0.0,-5.0229801351717605e-05,0.991764,
1183,3,59100,COCONUT,9954.0,114,9953.0,68,,0,9955.0,114,9956.0,68,,0,9954.5,0.0,5.0229801351777974e-05,0.9917636,
1185,3,59200,COCONUT,9953.0,165,,0,,0,9955.0,107,9956.0,58,,0,9954.0,0.0,-5.0229801351717605e-05,0.9917632,
1186,3,59300,COCONUT,9953.0,140,9952.0,73,,0,9954.0,146,9955.0,73,,0,9953.5,0.0,-5.023232451134913e-05,0.9917627999999999,
1189,3,59400,COCONUT,9952.0,115,9951.0,68,,0,9953.0,115,9954.0,68,,0,9952.5,0.0,-0.00010047221951587195,0.9917623999999999,
1191,3,59500,COCONUT,9950.0,135,9949.0,46,,0,9952.0,181,,0,,0,9951.0,0.0,-0.00015072725931015906,0.9917619999999999,
1193,3,59600,COCONUT,9950.0,142,9949.0,64,,0,9951.0,142,9952.0,64,,0,9950.5,0.0,-5.024746879428019e-05,0.9917616,
1194,3,59700,COCONUT,9950.0,107,9949.0,44,,0,9952.0,151,,0,,0,9951.0,0.0,5.024746879429976e-05,0.9917612,
1197,3,59800,COCONUT,9950.0,137,9949.0,73,,0,9951.0,137,9952.0,73,,0,9950.5,0.0,-5.024746879428019e-05,0.9917608,
1199,3,59900,COCONUT,9949.0,110,9948.0,80,,0,9950.0,110,9951.0,80,,0,9949.5,0.0,-0.00010050251264745633,0.9917604,
1201,3,60000,COCONUT,9947.0,101,9946.0,60,,0,9949.0,161,,0,,0,9948.0,0.0,-0.000150772710425083,0.99176,
1202,3,60100,COCONUT,9949.0,207,,0,,0,9951.0,138,9952.0,69,,0,9950.0,0.0,0.00020102522934321564,0.9917596,
1205,3,60200,COCONUT,9951.0,154,,0,,0,9953.0,108,9954.0,46,,0,9952.0,0.0,0.00020098482632214377,0.9917592,
1207,3,60300,COCONUT,9951.0,149,9950.0,47,,0,9953.0,196,,0,,0,9952.0,0.0,0.0,0.9917587999999999,
1209,3,60400,COCONUT,9951.0,118,9950.0,56,,0,9952.0,118,9953.0,56,,0,9951.5,0.0,-5.0242419685482606e-05,0.9917584,
1210,3,60500,COCONUT,9952.0,126,9951.0,67,,0,9953.0,126,9954.0,67,,0,9952.5,0.0,0.00010048231519711349,0.991758,
1213,3,60600,COCONUT,9953.0,100,9952.0,49,,0,9955.0,149,,0,,0,9954.0,0.0,0.00015070454402711826,0.9917576,
1215,3,60700,COCONUT,9954.0,177,,0,,0,9956.0,102,9957.0,75,,0,9955.0,0.0,0.00010045707979711464,0.9917572,
1217,3,60800,COCONUT,9954.0,196,,0,,0,9956.0,121,9957.0,75,,0,9955.0,0.0,0.0,0.9917568,
1218,3,60900,COCONUT,9955.0,117,9954.0,50,,0,9956.0,117,9957.0,50,,0,9955.5,0.0,5.0224755792774494e-05,0.9917564,
1220,3,61000,COCONUT,9954.0,139,9953.0,53,,0,9955.0,139,9956.0,53,,0,9954.5,0.0,-0.00010045203423815764,0.991756,
1222,3,61100,COCONUT,9954.0,120,9953.0,74,,0,9955.0,120,9956.0,74,,0,9954.5,0.0,0.0,0.9917556,
1225,3,61200,COCONUT,9953.0,126,9952.0,47,,0,9954.0,120,9955.0,47,,0,9953.5,0.0,-0.00010046212586311737,0.9917552,
1227,3,61300,COCONUT,9954.0,123,9953.0,57,,0,9955.0,123,9956.0,57,,0,9954.5,0.0,0.0001004621258631007,0.9917548,
1228,3,61400,COCONUT,9955.0,112,9954.0,70,,0,9956.0,112,9957.0,70,,0,9955.5,0.0,0.00010045203423820204,0.9917544,
1230,3,61500,COCONUT,9954.0,212,,0,,0,9956.0,149,9957.0,63,,0,9955.0,0.0,-5.022475579268153e-05,0.991754,
1232,3,61600,COCONUT,9954.0,136,9953.0,68,,0,9956.0,211,,0,,0,9955.0,0.0,0.0,0.9917536,
1235,3,61700,COCONUT,9954.0,101,9953.0,52,,0,9955.0,101,9956.0,52,,0,9954.5,0.0,-5.022727844545806e-05,0.9917532,
1236,3,61800,COCONUT,9954.0,117,9953.0,77,,0,9956.0,194,,0,,0,9955.0,0.0,5.02272784453873e-05,0.9917528,
1238,3,61900,COCONUT,9953.0,150,9952.0,76,,0,9954.0,150,9955.0,76,,0,9953.5,0.0,-0.00015068940430860596,0.9917524,
1240,3,62000,COCONUT,9953.0,124,9952.0,69,,0,9954.0,124,9955.0,69,,0,9953.5,0.0,0.0,0.991752,
1243,3,62100,COCONUT,9953.0,141,9952.0,51,,0,9954.0,141,9955.0,51,,0,9953.5,0.0,0.0,0.9917516000000001,
1244,3,62200,COCONUT,9953.0,145,9952.0,77,,0,9954.0,145,9955.0,77,,0,9953.5,0.0,0.0,0.9917512,
1246,3,62300,COCONUT,9952.0,103,9951.0,65,,0,9953.0,103,9954.0,65,,0,9952.5,0.0,-0.00010047221951587195,0.9917508,
1248,3,62400,COCONUT,9952.0,223,,0,,0,9954.0,145,9955.0,78,,0,9953.0,0.0,5.023737159117485e-05,0.9917504,
1251,3,62500,COCONUT,9952.0,154,,0,,0,9954.0,101,9955.0,53,,0,9953.0,0.0,0.0,0.99175,
1252,3,62600,COCONUT,9951.0,117,9950.0,55,,0,9953.0,172,,0,,0,9952.0,0.0,-0.00010047726710286663,0.9917496,
1254,3,62700,COCONUT,9952.0,105,9951.0,45,,0,9953.0,105,9954.0,45,,0,9952.5,0.0,5.023989551156683e-05,0.9917492,
1256,3,62800,COCONUT,9952.0,144,9951.0,59,,0,9953.0,144,9954.0,59,,0,9952.5,0.0,0.0,0.9917488,
1259,3,62900,COCONUT,9950.0,137,9949.0,61,,0,9952.0,191,,0,,0,9951.0,0.0,-0.00015072725931015906,0.9917484,
1260,3,63000,COCONUT,9951.0,113,9950.0,56,,0,9952.0,113,9953.0,56,,0,9951.5,0.0,5.0244944113018276e-05,0.9917480000000001,
1262,3,63100,COCONUT,9950.0,139,9949.0,60,,0,9952.0,199,,0,,0,9951.0,0.0,-5.024494411308437e-05,0.9917476000000001,
1264,3,63200,COCONUT,9950.0,140,9949.0,73,,0,9951.0,140,9952.0,73,,0,9950.5,0.0,-5.024746879428019e-05,0.9917472,
1267,3,63300,COCONUT,9950.0,124,9949.0,42,,0,9951.0,124,9952.0,42,,0,9950.5,0.0,0.0,0.9917468,
1268,3,63400,COCONUT,9950.0,141,9949.0,59,,0,9952.0,200,,0,,0,9951.0,0.0,5.024746879429976e-05,0.9917464,
1270,3,63500,COCONUT,9951.0,115,9950.0,45,,0,9952.0,115,9953.0,45,,0,9951.5,0.0,5.0244944113018276e-05,0.991746,
1272,3,63600,COCONUT,9950.0,102,9949.0,78,,0,9952.0,180,,0,,0,9951.0,0.0,-5.024494411308437e-05,0.9917456,
1275,3,63700,COCONUT,9951.0,134,9950.0,79,,0,9952.0,134,9953.0,79,,0,9951.5,0.0,5.0244944113018276e-05,0.9917452,
1276,3,63800,COCONUT,9951.0,107,9950.0,56,,0,9953.0,163,,0,,0,9952.0,0.0,5.024241968551464e-05,0.9917448000000001,
1278,3,63900,COCONUT,9951.0,126,9950.0,54,,0,9953.0,180,,0,,0,9952.0,0.0,0.0,0.9917444000000001,
1280,3,64000,COCONUT,9951.0,174,,0,,0,9953.0,129,9954.0,45,,0,9952.0,0.0,0.0,0.9917440000000001,
1283,3,64100,COCONUT,9952.0,123,9951.0,80,,0,9953.0,123,9954.0,80,,0,9952.5,0.0,5.023989551156683e-05,0.9917436000000001,
1284,3,64200,COCONUT,9951.0,180,,0,,0,9953.0,100,9954.0,80,,0,9952.0,0.0,-5.0239895511585924e-05,0.9917432,
1286,3,64300,COCONUT,9951.0,142,9950.0,54,,0,9952.0,142,9953.0,54,,0,9951.5,0.0,-5.0242419685482606e-05,0.9917428,
1288,3,64400,COCONUT,9951.0,115,9950.0,78,,0,9953.0,193,,0,,0,9952.0,0.0,5.024241968551464e-05,0.9917424,
1291,3,64500,COCONUT,9952.0,124,9951.0,75,,0,9953.0,133,9954.0,75,,0,9952.5,0.0,5.023989551156683e-05,0.991742,
1292,3,64600,COCONUT,9951.0,108,9950.0,68,,0,9952.0,108,9953.0,68,,0,9951.5,0.0,-0.00010048231519708763,0.9917416,
1294,3,64700,COCONUT,9950.0,220,,0,,0,9952.0,144,9953.0,76,,0,9951.0,0.0,-5.024494411308437e-05,0.9917412000000001,
1296,3,64800,COCONUT,9951.0,142,9950.0,79,,0,9953.0,221,,0,,0,9952.0,0.0,0.00010048736379846682,0.9917408000000001,
1299,3,64900,COCONUT,9951.0,144,9950.0,78,,0,9953.0,222,,0,,0,9952.0,0.0,0.0,0.9917404000000001,
1300,3,65000,COCONUT,9953.0,143,9952.0,68,,0,9954.0,143,9955.0,68,,0,9953.5,0.0,0.00015071211502737784,0.99174,
1302,3,65100,COCONUT,9954.0,195,,0,,0,9956.0,131,9957.0,64,,0,9955.0,0.0,0.0001506894043084797,0.9917395999999999,
1304,3,65200,COCONUT,9952.0,168,,0,,0,9954.0,102,9955.0,66,,0,9953.0,0.0,-0.00020092425223314873,0.9917391999999999,
1307,3,65300,COCONUT,9953.0,101,9952.0,45,,0,9954.0,101,9955.0,45,,0,9953.5,0.0,5.023484792456074e-05,0.9917387999999999,
1308,3,65400,COCONUT,9953.0,118,9952.0,60,,0,9954.0,118,9955.0,60,,0,9953.5,0.0,0.0,0.9917383999999999,
1310,3,65500,COCONUT,9951.0,134,9950.0,62,,0,9952.0,128,9953.0,62,,0,9951.5,0.0,-0.00020095453471298235,0.991738,
1312,3,65600,COCONUT,9950.0,2,9949.0,126,9948.0,73,9951.0,199,,0,,0,9950.5,0.0,-0.00010049241290743067,0.9917376,
1315,3,65700,COCONUT,9947.0,178,,0,,0,9949.0,138,9950.0,40,,0,9948.0,0.0,-0.0002512752230724429,0.9917372,
1317,3,65800,COCONUT,9948.0,191,,0,,0,9949.0,10,9950.0,124,9951.0,67,9948.5,0.0,5.0260096007375034e-05,0.9917368,
1318,3,65900,COCONUT,9950.0,110,9949.0,47,,0,9951.0,110,9952.0,47,,0,9950.5,0.0,0.00020101512706523637,0.9917364,
1321,3,66000,COCONUT,9950.0,105,9949.0,43,,0,9951.0,105,9952.0,43,,0,9950.5,0.0,0.0,0.991736,
1323,3,66100,COCONUT,9951.0,137,9950.0,45,,0,9952.0,137,9953.0,45,,0,9951.5,0.0,0.00010049241290733761,0.9917355999999999,
1325,3,66200,COCONUT,9951.0,103,9950.0,70,,0,9952.0,103,9953.0,70,,0,9951.5,0.0,0.0,0.9917351999999999,
1326,3,66300,COCONUT,9952.0,116,9951.0,78,,0,9953.0,116,9954.0,78,,0,9952.5,0.0,0.00010048231519711349,0.9917347999999999,
1329,3,66400,COCONUT,9952.0,125,9951.0,76,,0,9953.0,125,9954.0,76,,0,9952.5,0.0,0.0,0.9917344,
1331,3,66500,COCONUT,9950.0,106,9949.0,52,,0,9951.0,106,9952.0,52,,0,9950.5,0.0,-0.00020097472810449242,0.991734,
1333,3,66600,COCONUT,9949.0,143,9948.0,65,,0,9950.0,143,9951.0,65,,0,9949.5,0.0,-0.00010050251264745633,0.9917336,
1334,3,66700,COCONUT,9950.0,135,9949.0,47,,0,9951.0,135,9952.0,47,,0,9950.5,0.0,0.00010050251264740956,0.9917332,
1337,3,66800,COCONUT,9950.0,183,,0,,0,9952.0,110,9953.0,73,,0,9951.0,0.0,5.024746879429976e-05,0.9917328,
1339,3,66900,COCONUT,9952.0,113,9951.0,71,,0,9953.0,113,9954.0,71,,0,9952.5,0.0,0.0001507272593102216,0.9917324,
1341,3,67000,COCONUT,9952.0,112,9951.0,64,,0,9954.0,176,,0,,0,9953.0,0.0,5.023737159117485e-05,0.991732,
1342,3,67100,COCONUT,9953.0,110,9952.0,73,,0,9955.0,183,,0,,0,9954.0,0.0,0.00010046717243593822,0.9917315999999999,
1345,3,67200,COCONUT,9953.0,140,9952.0,59,,0,9954.0,140,9955.0,59,,0,9953.5,0.0,-5.023232451134913e-05,0.9917311999999999,
1347,3,67300,COCONUT,9953.0,138,9952.0,40,,0,9954.0,138,9955.0,40,,0,9953.5,0.0,0.0,0.9917308,
1349,3,67400,COCONUT,9952.0,187,,0,,0,9954.0,143,9955.0,44,,0,9953.0,0.0,-5.02348479245747e-05,0.9917304,
1350,3,67500,COCONUT,9952.0,129,9951.0,60,,0,9954.0,189,,0,,0,9953.0,0.0,0.0,0.99173,
1353,3,67600,COCONUT,9951.0,125,9950.0,59,,0,9952.0,125,9953.0,59,,0,9951.5,0.0,-0.00015071968678836574,0.9917296,
1355,3,67700,COCONUT,9951.0,183,,0,,0,9953.0,125,9954.0,58,,0,9952.0,0.0,5.024241968551464e-05,0.9917292,
1357,3,67800,COCONUT,9951.0,227,,0,,0,9953.0,149,9954.0,78,,0,9952.0,0.0,0.0,0.9917288,
1358,3,67900,COCONUT,9951.0,139,9950.0,69,,0,9952.0,139,9953.0,69,,0,9951.5,0.0,-5.0242419685482606e-05,0.9917284,
1361,3,68000,COCONUT,9950.0,147,,0,,0,9952.0,100,9953.0,47,,0,9951.0,0.0,-5.024494411308437e-05,0.9917279999999999,
1363,3,68100,COCONUT,9950.0,131,9949.0,74,,0,9951.0,131,9952.0,74,,0,9950.5,0.0,-5.024746879428019e-05,0.9917276,
1365,3,68200,COCONUT,9950.0,113,9949.0,70,,0,9952.0,183,,0,,0,9951.0,0.0,5.024746879429976e-05,0.9917272,
1366,3,68300,COCONUT,9950.0,193,,0,,0,9952.0,145,9953.0,48,,0,9951.0,0.0,0.0,0.9917268,
1369,3,68400,COCONUT,9949.0,118,9948.0,73,,0,9950.0,118,9951.0,73,,0,9949.5,0.0,-0.00015074998144169738,0.9917264,
1371,3,68500,COCONUT,9947.0,117,9946.0,51,,0,9949.0,168,,0,,0,9948.0,0.0,-0.000150772710425083,0.991726,
1373,3,68600,COCONUT,9947.0,143,9946.0,49,,0,9949.0,192,,0,,0,9948.0,0.0,0.0,0.9917256,
1374,3,68700,COCONUT,9949.0,143,9948.0,78,,0,9951.0,211,,0,,0,9950.0,0.0,0.00020102522934321564,0.9917252,
1377,3,68800,COCONUT,9950.0,129,9949.0,68,,0,9951.0,129,9952.0,68,,0,9950.5,0.0,5.0249993729359114e-05,0.9917248,
1379,3,68900,COCONUT,9950.0,105,9949.0,73,,0,9951.0,105,9952.0,73,,0,9950.5,0.0,0.0,0.9917244,
1381,3,69000,COCONUT,9950.0,143,9949.0,63,,0,9952.0,206,,0,,0,9951.0,0.0,5.024746879429976e-05,0.991724,
1382,3,69100,COCONUT,9951.0,103,9950.0,51,,0,9952.0,103,9953.0,51,,0,9951.5,0.0,5.0244944113018276e-05,0.9917236,
1385,3,69200,COCONUT,9950.0,106,9949.0,64,,0,9952.0,170,,0,,0,9951.0,0.0,-5.024494411308437e-05,0.9917232,
1387,3,69300,COCONUT,9951.0,137,9950.0,53,,0,9952.0,137,9953.0,53,,0,9951.5,0.0,5.0244944113018276e-05,0.9917228,
1389,3,69400,COCONUT,9951.0,113,9950.0,46,,0,9953.0,159,,0,,0,9952.0,0.0,5.024241968551464e-05,0.9917224,
1390,3,69500,COCONUT,9952.0,171,,0,,0,9954.0,110,9955.0,61,,0,9953.0,0.0,0.0001004772671028336,0.991722,
1392,3,69600,COCONUT,9951.0,134,9950.0,48,,0,9952.0,134,9953.0,48,,0,9951.5,0.0,-0.00015071968678836574,0.9917216,
1394,3,69700,COCONUT,9950.0,108,9949.0,65,,0,9951.0,108,9952.0,65,,0,9950.5,0.0,-0.00010049241290743067,0.9917212,
1397,3,69800,COCONUT,9950.0,111,9949.0,70,,0,9952.0,181,,0,,0,9951.0,0.0,5.024746879429976e-05,0.9917208000000001,
1398,3,69900,COCONUT,9947.0,147,,0,,0,9949.0,103,9950.0,44,,0,9948.0,0.0,-0.0003015226918668473,0.9917204000000001,
1400,3,70000,COCONUT,9946.0,128,9945.0,60,,0,9948.0,188,,0,,0,9947.0,0.0,-0.00010052777088136553,0.99172,
1402,3,70100,COCONUT,9946.0,141,9945.0,44,,0,9947.0,146,9948.0,44,,0,9946.5,0.0,-5.026767538189307e-05,0.9917196,
1404,3,70200,COCONUT,9946.0,8,9945.0,183,,0,9947.0,126,9948.0,57,,0,9946.5,0.0,0.0,0.9917192,
1407,3,70300,COCONUT,9945.0,213,,0,,0,9947.0,138,9948.0,77,,0,9946.0,0.0,-5.027020234810012e-05,0.9917188,
1408,3,70400,COCONUT,9945.0,116,9944.0,74,,0,9946.0,116,9947.0,74,,0,9945.5,0.0,-5.027272956845639e-05,0.9917184,
1410,3,70500,COCONUT,9943.0,102,9942.0,59,,0,9945.0,161,,0,,0,9944.0,0.0,-0.00015083335456840286,0.991718,
1412,3,70600,COCONUT,9943.0,144,9942.0,47,,0,9944.0,144,9945.0,47,,0,9943.5,0.0,-5.028284099115156e-05,0.9917176,
1415,3,70700,COCONUT,9943.0,135,9942.0,63,,0,9944.0,135,9945.0,63,,0,9943.5,0.0,0.0,0.9917172000000001,
1416,3,70800,COCONUT,9944.0,171,,0,,0,9945.0,7,9946.0,124,9947.0,47,9944.5,0.0,0.00010056315374528136,0.9917168000000001,
1418,3,70900,COCONUT,9945.0,119,9944.0,80,,0,9946.0,119,9947.0,80,,0,9945.5,0.0,0.0001005530418141345,0.9917164,
1420,3,71000,COCONUT,9943.0,127,9942.0,68,,0,9944.0,127,9945.0,68,,0,9943.5,0.0,-0.00020111619555952231,0.991716,
1423,3,71100,COCONUT,9942.0,109,9941.0,57,,0,9944.0,166,,0,,0,9943.0,0.0,-5.028536948236494e-05,0.9917156,
1424,3,71200,COCONUT,9943.0,132,9942.0,62,,0,9944.0,132,9945.0,62,,0,9943.5,0.0,5.028536948240618e-05,0.9917152,
1426,3,71300,COCONUT,9941.0,138,9940.0,60,,0,9943.0,204,,0,,0,9942.0,0.0,-0.00015086369493806846,0.9917148,
1428,3,71400,COCONUT,9940.0,101,9939.0,77,,0,9941.0,101,9942.0,77,,0,9940.5,0.0,-0.00015088645822666785,0.9917144,
1431,3,71500,COCONUT,9939.0,119,9938.0,54,,0,9941.0,173,,0,,0,9940.0,0.0,-5.0300545771553205e-05,0.9917140000000001,
1432,3,71600,COCONUT,9938.0,134,9937.0,56,,0,9940.0,190,,0,,0,9939.0,0.0,-0.0001006086826141506,0.9917136000000001,
1434,3,71700,COCONUT,9937.0,102,9936.0,45,,0,9939.0,147,,0,,0,9938.0,0.0,-0.00010061880573966636,0.9917132000000001,
1436,3,71800,COCONUT,9935.0,203,,0,,0,9937.0,146,9938.0,57,,0,9936.0,0.0,-0.00020126798900588612,0.9917128000000001,
1439,3,71900,COCONUT,9936.0,197,,0,,0,9938.0,136,9939.0,61,,0,9937.0,0.0,0.0001006390581033031,0.9917124,
1440,3,72000,COCONUT,9936.0,146,9935.0,42,,0,9937.0,146,9938.0,42,,0,9936.5,0.0,-5.0318263024142114e-05,0.991712,
1442,3,72100,COCONUT,9936.0,114,9935.0,43,,0,9938.0,157,,0,,0,9937.0,0.0,5.0318263024104316e-05,0.9917116,
1444,3,72200,COCONUT,9935.0,145,9934.0,70,,0,9937.0,215,,0,,0,9936.0,0.0,-0.00010063905810339817,0.9917112,
1447,3,72300,COCONUT,9937.0,142,9936.0,49,,0,9938.0,134,9939.0,49,,0,9937.5,0.0,0.00015095478932725467,0.9917108,
1448,3,72400,COCONUT,9936.0,130,9935.0,69,,0,9937.0,130,9938.0,69,,0,9936.5,0.0,-0.00010063399424818335,0.9917104000000001,
1450,3,72500,COCONUT,9936.0,104,9935.0,40,,0,9938.0,144,,0,,0,9937.0,0.0,5.0318263024104316e-05,0.9917100000000001,
1452,3,72600,COCONUT,9938.0,99,9937.0,63,,0,9939.0,108,9940.0,63,,0,9938.5,0.0,0.00015093959929026056,0.9917096,
1455,3,72700,COCONUT,9938.0,176,,0,,0,9940.0,106,9941.0,70,,0,9939.0,0.0,5.0308137351901154e-05,0.9917092,
1456,3,72800,COCONUT,9940.0,126,9939.0,69,,0,9941.0,126,9942.0,69,,0,9940.5,0.0,0.00015090922838574856,0.9917088,
1458,3,72900,COCONUT,9938.0,181,,0,,0,9940.0,111,9941.0,70,,0,9939.0,0.0,-0.00015090922838566088,0.9917083999999999,
1460,3,73000,COCONUT,9941.0,132,9940.0,80,,0,9942.0,132,9943.0,80,,0,9941.5,0.0,0.0002515027301302558,0.9917079999999999,
1463,3,73100,COCONUT,9942.0,138,9941.0,58,,0,9943.0,138,9944.0,58,,0,9942.5,0.0,0.00010058338370977249,0.9917075999999999,
1464,3,73200,COCONUT,9942.0,119,9941.0,46,,0,9943.0,119,9944.0,46,,0,9942.5,0.0,0.0,0.9917071999999999,
1466,3,73300,COCONUT,9942.0,110,9941.0,64,,0,9944.0,174,,0,,0,9943.0,0.0,5.028789822790772e-05,0.9917068,
1468,3,73400,COCONUT,9944.0,109,9943.0,46,,0,9945.0,109,9946.0,46,,0,9944.5,0.0,0.00015084852322754802,0.9917064,
1471,3,73500,COCONUT,9944.0,144,9943.0,73,,0,9945.0,144,9946.0,73,,0,9944.5,0.0,0.0,0.991706,
1472,3,73600,COCONUT,9943.0,93,9942.0,78,,0,9944.0,103,9945.0,78,,0,9943.5,0.0,-0.00010056315374525755,0.9917056,
1474,3,73700,COCONUT,9943.0,121,9942.0,58,,0,9945.0,179,,0,,0,9944.0,0.0,5.028284099112655e-05,0.9917052,
1476,3,73800,COCONUT,9944.0,115,9943.0,79,,0,9945.0,115,9946.0,79,,0,9944.5,0.0,5.0280312754068804e-05,0.9917047999999999,
1479,3,73900,COCONUT,9944.0,132,9943.0,48,,0,9945.0,132,9946.0,48,,0,9944.5,0.0,0.0,0.9917043999999999,
1480,3,74000,COCONUT,9942.0,168,,0,,0,9944.0,113,9945.0,55,,0,9943.0,0.0,-0.00015084852322755506,0.9917039999999999,
1482,3,74100,COCONUT,9942.0,10,9941.0,171,,0,9943.0,116,9944.0,55,,0,9942.5,0.0,-5.028789822783857e-05,0.9917036,
1484,3,74200,COCONUT,9941.0,138,9940.0,46,,0,9942.0,138,9943.0,46,,0,9941.5,0.0,-0.0001005833837098576,0.9917032,
1487,3,74300,COCONUT,9939.0,135,9938.0,57,,0,9940.0,135,9941.0,57,,0,9939.5,0.0,-0.00020119712355985757,0.9917028,
1488,3,74400,COCONUT,9938.0,192,,0,,0,9940.0,138,9941.0,54,,0,9939.0,0.0,-5.030560657043748e-05,0.9917024,
1490,3,74500,COCONUT,9938.0,179,,0,,0,9940.0,131,9941.0,48,,0,9939.0,0.0,0.0,0.991702,
1493,3,74600,COCONUT,9940.0,114,9939.0,46,,0,9941.0,114,9942.0,46,,0,9940.5,0.0,0.00015090922838574856,0.9917016,
1495,3,74700,COCONUT,9940.0,149,9939.0,46,,0,9941.0,149,9942.0,46,,0,9940.5,0.0,0.0,0.9917012,
1497,3,74800,COCONUT,9939.0,147,9938.0,79,,0,9940.0,147,9941.0,79,,0,9939.5,0.0,-0.00010060362181528593,0.9917007999999999,
1498,3,74900,COCONUT,9938.0,188,,0,,0,9940.0,118,9941.0,70,,0,9939.0,0.0,-5.030560657043748e-05,0.9917003999999999,
1501,3,75000,COCONUT,9938.0,116,9937.0,56,,0,9939.0,116,9940.0,56,,0,9938.5,0.0,-5.030813735188067e-05,0.9917,
1503,3,75100,COCONUT,9936.0,182,,0,,0,9938.0,105,9939.0,77,,0,9937.0,0.0,-0.00015093959929037235,0.9916996,
1505,3,75200,COCONUT,9938.0,106,9937.0,57,,0,9939.0,106,9940.0,57,,0,9938.5,0.0,0.00015093959929026056,0.9916992,
1506,3,75300,COCONUT,9940.0,106,9939.0,71,,0,9941.0,106,9942.0,71,,0,9940.5,0.0,0.00020121736573760015,0.9916988,
1509,3,75400,COCONUT,9939.0,139,9938.0,42,,0,9941.0,181,,0,,0,9940.0,0.0,-5.0300545771553205e-05,0.9916984,
1511,3,75500,COCONUT,9940.0,143,9939.0,49,,0,9941.0,143,9942.0,49,,0,9940.5,0.0,5.030054577163016e-05,0.991698,
1513,3,75600,COCONUT,9941.0,125,9940.0,72,,0,9942.0,116,9943.0,72,,0,9941.5,0.0,0.0001005935017446708,0.9916976,
1514,3,75700,COCONUT,9940.0,172,,0,,0,9942.0,100,9943.0,72,,0,9941.0,0.0,-5.029548599070923e-05,0.9916972,
1517,3,75800,COCONUT,9941.0,132,9940.0,53,,0,9942.0,132,9943.0,53,,0,9941.5,0.0,5.02954859906318e-05,0.9916968,
1519,3,75900,COCONUT,9943.0,100,9942.0,59,,0,9944.0,100,9945.0,59,,0,9943.5,0.0,0.00020115665141995942,0.9916964,
1521,3,76000,COCONUT,9943.0,102,9942.0,45,,0,9944.0,102,9945.0,45,,0,9943.5,0.0,0.0,0.991696,
1522,3,76100,COCONUT,9943.0,190,,0,,0,9945.0,138,9946.0,52,,0,9944.0,0.0,5.028284099112655e-05,0.9916956,
1525,3,76200,COCONUT,9943.0,147,9942.0,60,,0,9944.0,147,9945.0,60,,0,9943.5,0.0,-5.028284099115156e-05,0.9916952,
1527,3,76300,COCONUT,9943.0,138,9942.0,78,,0,9944.0,138,9945.0,78,,0,9943.5,0.0,0.0,0.9916948,
1529,3,76400,COCONUT,9943.0,114,9942.0,56,,0,9944.0,114,9945.0,56,,0,9943.5,0.0,0.0,0.9916944,
1530,3,76500,COCONUT,9941.0,209,,0,,0,9943.0,150,9944.0,59,,0,9942.0,0.0,-0.00015086369493806846,0.991694,
1533,3,76600,COCONUT,9941.0,121,9940.0,48,,0,9943.0,169,,0,,0,9942.0,0.0,0.0,0.9916936,
1535,3,76700,COCONUT,9941.0,142,9940.0,52,,0,9942.0,142,9943.0,52,,0,9941.5,0.0,-5.029295648201072e-05,0.9916932,
1537,3,76800,COCONUT,9940.0,195,,0,,0,9942.0,195,,0,,0,9941.0,0.0,-5.029548599070923e-05,0.9916928,
1538,3,76900,COCONUT,9939.0,142,9938.0,78,,0,9940.0,142,9941.0,78,,0,9939.5,0.0,-0.00015090163756913805,0.9916924,
1541,3,77000,COCONUT,9939.0,130,9938.0,49,,0,9940.0,130,9941.0,49,,0,9939.5,0.0,0.0,0.991692,
1543,3,77100,COCONUT,9937.0,127,9936.0,75,,0,9938.0,127,9939.0,75,,0,9937.5,0.0,-0.00020123761198869447,0.9916916,
1545,3,77200,COCONUT,9936.0,192,,0,,0,9938.0,133,9939.0,59,,0,9937.0,0.0,-5.0315731223992416e-05,0.9916912,
1546,3,77300,COCONUT,9935.0,128,9934.0,57,,0,9936.0,123,9937.0,57,,0,9935.5,0.0,-0.00015096238549238897,0.9916908,
1549,3,77400,COCONUT,9933.0,218,,0,,0,9935.0,149,9936.0,69,,0,9934.0,0.0,-0.00015098517857512747,0.9916904,
1551,3,77500,COCONUT,9933.0,115,9932.0,57,,0,9935.0,165,,0,,0,9934.0,0.0,0.0,0.9916900000000001,
1553,3,77600,COCONUT,9933.0,144,9932.0,45,,0,9934.0,144,9935.0,45,,0,9933.5,0.0,-5.033345917760746e-05,0.9916896000000001,
1554,3,77700,COCONUT,9933.0,216,,0,,0,9935.0,139,9936.0,77,,0,9934.0,0.0,5.033345917771592e-05,0.9916892,
1557,3,77800,COCONUT,9933.0,124,9932.0,47,,0,9934.0,124,9935.0,47,,0,9933.5,0.0,-5.033345917760746e-05,0.9916888,
1559,3,77900,COCONUT,9929.0,207,,0,,0,9931.0,150,9932.0,57,,0,9930.0,0.0,-0.0003524051688999132,0.9916884,
1561,3,78000,COCONUT,9930.0,102,9929.0,73,,0,9931.0,102,9932.0,73,,0,9930.5,0.0,5.0351199627881215e-05,0.991688,
1562,3,78100,COCONUT,9930.0,184,,0,,0,9932.0,143,9933.0,41,,0,9931.0,0.0,5.034866451240077e-05,0.9916876,
1565,3,78200,COCONUT,9930.0,177,,0,,0,9932.0,129,9933.0,48,,0,9931.0,0.0,0.0,0.9916872,
1567,3,78300,COCONUT,9931.0,191,,0,,0,9933.0,114,9934.0,77,,0,9932.0,0.0,0.0001006897246986747,0.9916868,
1569,3,78400,COCONUT,9931.0,166,,0,,0,9933.0,124,9934.0,42,,0,9932.0,0.0,0.0,0.9916864000000001,
1570,3,78500,COCONUT,9933.0,107,9932.0,68,,0,9934.0,107,9935.0,68,,0,9933.5,0.0,0.0001510155800609437,0.9916860000000001,
1572,3,78600,COCONUT,9932.0,186,,0,,0,9934.0,119,9935.0,67,,0,9933.0,0.0,-5.03359927622423e-05,0.9916856000000001,
1574,3,78700,COCONUT,9932.0,103,9931.0,43,,0,9933.0,103,9934.0,43,,0,9932.5,0.0,-5.0338526601914627e-05,0.9916852,
1577,3,78800,COCONUT,9932.0,123,9931.0,43,,0,9934.0,166,,0,,0,9933.0,0.0,5.0338526602022904e-05,0.9916848,
1578,3,78900,COCONUT,9934.0,163,,0,,0,9936.0,107,9937.0,56,,0,9935.0,0.0,0.000201328770561314,0.9916844,
1580,3,79000,COCONUT,9935.0,133,9934.0,76,,0,9936.0,133,9937.0,76,,0,9935.5,0.0,5.0325859953692244e-05,0.991684,
1582,3,79100,COCONUT,9934.0,148,,0,,0,9936.0,102,9937.0,46,,0,9935.0,0.0,-5.032585995370576e-05,0.9916836,
1584,3,79200,COCONUT,9934.0,143,9933.0,64,,0,9936.0,207,,0,,0,9935.0,0.0,0.0,0.9916832000000001,
1587,3,79300,COCONUT,9936.0,9,9935.0,222,,0,9937.0,144,9938.0,78,,0,9936.5,0.0,0.00015096998242199874,0.9916828000000001,
1588,3,79400,COCONUT,9934.0,181,,0,,0,9936.0,119,9937.0,62,,0,9935.0,0.0,-0.00015096998242196242,0.9916824000000001,
1590,3,79500,COCONUT,9933.0,129,9932.0,46,,0,9934.0,129,9935.0,46,,0,9933.5,0.0,-0.0001509927777990522,0.9916820000000001,
1592,3,79600,COCONUT,9933.0,211,,0,,0,9935.0,132,9936.0,79,,0,9934.0,0.0,5.033345917771592e-05,0.9916816,
1595,3,79700,COCONUT,9935.0,212,,0,,0,9937.0,144,9938.0,68,,0,9936.0,0.0,0.0002013085059641847,0.9916812,
1596,3,79800,COCONUT,9936.0,143,9935.0,42,,0,9937.0,133,9938.0,42,,0,9936.5,0.0,5.032079507915301e-05,0.9916808,
1598,3,79900,COCONUT,9936.0,204,,0,,0,9938.0,149,9939.0,55,,0,9937.0,0.0,5.0318263024104316e-05,0.9916804,
1600,3,80000,COCONUT,9936.0,166,,0,,0,9938.0,115,9939.0,51,,0,9937.0,0.0,0.0,0.9916799999999999,
1603,3,80100,COCONUT,9938.0,133,9937.0,53,,0,9939.0,133,9940.0,53,,0,9938.5,0.0,0.00015093959929026056,0.9916796000000001,
1604,3,80200,COCONUT,9939.0,113,9938.0,59,,0,9940.0,113,9941.0,59,,0,9939.5,0.0,0.00010061374392221483,0.9916792,
1606,3,80300,COCONUT,9937.0,142,,0,,0,9939.0,101,9940.0,41,,0,9938.0,0.0,-0.00015092441231017041,0.9916788,
1608,3,80400,COCONUT,9937.0,103,9936.0,62,,0,9938.0,103,9939.0,62,,0,9937.5,0.0,-5.031319967854711e-05,0.9916784,
1611,3,80500,COCONUT,9936.0,101,9935.0,61,,0,9937.0,101,9938.0,61,,0,9936.5,0.0,-0.00010063399424818335,0.991678,
1612,3,80600,COCONUT,9936.0,100,9935.0,72,,0,9937.0,100,9938.0,72,,0,9936.5,0.0,0.0,0.9916775999999999,
1614,3,80700,COCONUT,9935.0,130,9934.0,50,,0,9936.0,130,9937.0,50,,0,9935.5,0.0,-0.00010064412246817126,0.9916771999999999,
1616,3,80800,COCONUT,9934.0,101,9933.0,79,,0,9936.0,180,,0,,0,9935.0,0.0,-5.032585995370576e-05,0.9916767999999999,
1619,3,80900,COCONUT,9934.0,140,9933.0,68,,0,9935.0,140,9936.0,68,,0,9934.5,0.0,-5.0328392773450215e-05,0.9916763999999999,
1620,3,81000,COCONUT,9933.0,180,,0,,0,9935.0,100,9936.0,80,,0,9934.0,0.0,-5.0330925848010096e-05,0.991676,
1622,3,81100,COCONUT,9935.0,139,9934.0,67,,0,9936.0,139,9937.0,67,,0,9935.5,0.0,0.00015098517857515867,0.9916756,
1624,3,81200,COCONUT,9935.0,185,,0,,0,9937.0,106,9938.0,79,,0,9936.0,0.0,5.032332738908966e-05,0.9916752,
1627,3,81300,COCONUT,9935.0,205,,0,,0,9937.0,128,9938.0,77,,0,9936.0,0.0,0.0,0.9916748,
1628,3,81400,COCONUT,9934.0,141,9933.0,75,,0,9935.0,140,9936.0,75,,0,9934.5,0.0,-0.00015097758011620857,0.9916744,
1630,3,81500,COCONUT,9934.0,183,,0,,0,9936.0,134,9937.0,49,,0,9935.0,0.0,5.0328392773404834e-05,0.9916739999999999,
1632,3,81600,COCONUT,9935.0,141,9934.0,72,,0,9936.0,141,9937.0,72,,0,9935.5,0.0,5.0325859953692244e-05,0.9916735999999999,
1635,3,81700,COCONUT,9936.0,148,9935.0,40,,0,9937.0,148,9938.0,40,,0,9936.5,0.0,0.0001006441224681115,0.9916731999999999,
1636,3,81800,COCONUT,9938.0,115,9937.0,63,,0,9939.0,115,9940.0,63,,0,9938.5,0.0,0.00020125786231447353,0.9916728,
1638,3,81900,COCONUT,9938.0,124,9937.0,55,,0,9940.0,179,,0,,0,9939.0,0.0,5.0308137351901154e-05,0.9916724,
1640,3,82000,COCONUT,9938.0,141,9937.0,56,,0,9939.0,136,9940.0,56,,0,9938.5,0.0,-5.030813735188067e-05,0.991672,
1643,3,82100,COCONUT,9938.0,120,9937.0,65,,0,9940.0,185,,0,,0,9939.0,0.0,5.0308137351901154e-05,0.9916716,
1644,3,82200,COCONUT,9938.0,119,9937.0,78,,0,9939.0,119,9940.0,78,,0,9938.5,0.0,-5.030813735188067e-05,0.9916712,
1646,3,82300,COCONUT,9938.0,128,9937.0,45,,0,9939.0,128,9940.0,45,,0,9938.5,0.0,0.0,0.9916708,
1648,3,82400,COCONUT,9938.0,138,9937.0,63,,0,9939.0,138,9940.0,63,,0,9938.5,0.0,0.0,0.9916704,
1651,3,82500,COCONUT,9937.0,174,,0,,0,9939.0,174,,0,,0,9938.0,0.0,-5.0310668387806186e-05,0.9916699999999999,
1652,3,82600,COCONUT,9937.0,193,,0,,0,9939.0,145,9940.0,48,,0,9938.0,0.0,0.0,0.9916695999999999,
1654,3,82700,COCONUT,9937.0,152,,0,,0,9939.0,152,,0,,0,9938.0,0.0,0.0,0.9916692,
1656,3,82800,COCONUT,9940.0,150,9939.0,70,,0,9941.0,150,9942.0,70,,0,9940.5,0.0,0.00025152803412536345,0.9916688,
1659,3,82900,COCONUT,9940.0,102,9939.0,69,,0,9941.0,102,9942.0,69,,0,9940.5,0.0,0.0,0.9916684,
1660,3,83000,COCONUT,9942.0,119,9941.0,60,,0,9944.0,179,,0,,0,9943.0,0.0,0.00025146478368224406,0.991668,
1662,3,83100,COCONUT,9942.0,111,9941.0,68,,0,9943.0,111,9944.0,68,,0,9942.5,0.0,-5.028789822783857e-05,0.9916676,
1664,3,83200,COCONUT,9942.0,138,9941.0,56,,0,9943.0,138,9944.0,56,,0,9942.5,0.0,0.0,0.9916672,
1667,3,83300,COCONUT,9942.0,123,9941.0,48,,0,9943.0,123,9944.0,48,,0,9942.5,0.0,0.0,0.9916668,
1668,3,83400,COCONUT,9943.0,137,9942.0,65,,0,9944.0,137,9945.0,65,,0,9943.5,0.0,0.00010057326771027202,0.9916664,
1670,3,83500,COCONUT,9944.0,113,9943.0,63,,0,9946.0,171,,0,,0,9945.0,0.0,0.00015084093851669273,0.991666,
1673,3,83600,COCONUT,9945.0,127,9944.0,69,,0,9946.0,127,9947.0,69,,0,9945.5,0.0,5.027525704284105e-05,0.9916656,
1675,3,83700,COCONUT,9944.0,124,9943.0,78,,0,9946.0,202,,0,,0,9945.0,0.0,-5.027525704285084e-05,0.9916652,
1677,3,83800,COCONUT,9945.0,100,9944.0,43,,0,9947.0,143,,0,,0,9946.0,0.0,0.00010054798661128027,0.9916648,
1678,3,83900,COCONUT,9946.0,102,9945.0,46,,0,9947.0,102,9948.0,46,,0,9946.5,0.0,5.027020234805684e-05,0.9916644,
1681,3,84000,COCONUT,9946.0,118,9945.0,53,,0,9947.0,118,9948.0,53,,0,9946.5,0.0,0.0,0.991664,
1683,3,84100,COCONUT,9945.0,198,,0,,0,9947.0,150,9948.0,48,,0,9946.0,0.0,-5.027020234810012e-05,0.9916636,
1685,3,84200,COCONUT,9946.0,144,9945.0,48,,0,9948.0,192,,0,,0,9947.0,0.0,0.00010053787773012215,0.9916632,
1686,3,84300,COCONUT,9946.0,106,9945.0,65,,0,9947.0,106,9948.0,65,,0,9946.5,0.0,-5.026767538189307e-05,0.9916628,
1689,3,84400,COCONUT,9945.0,108,9944.0,43,,0,9946.0,108,9947.0,43,,0,9945.5,0.0,-0.0001005429319165998,0.9916624,
1691,3,84500,COCONUT,9945.0,131,9944.0,41,,0,9946.0,131,9947.0,41,,0,9945.5,0.0,0.0,0.991662,
1693,3,84600,COCONUT,9945.0,116,9944.0,76,,0,9946.0,116,9947.0,76,,0,9945.5,0.0,0.0,0.9916616,
1694,3,84700,COCONUT,9944.0,157,9943.0,41,,0,9945.0,149,9946.0,41,,0,9944.5,0.0,-0.00010055304181425514,0.9916612,
1697,3,84800,COCONUT,9944.0,213,,0,,0,9946.0,142,9947.0,71,,0,9945.0,0.0,5.0277784771454994e-05,0.9916608,
1699,3,84900,COCONUT,9943.0,114,9942.0,53,,0,9945.0,167,,0,,0,9944.0,0.0,-0.00010055809752553244,0.9916604,
1701,3,85000,COCONUT,9943.0,224,,0,,0,9945.0,146,9946.0,78,,0,9944.0,0.0,0.0,0.99166,
1702,3,85100,COCONUT,9943.0,112,9942.0,44,,0,9945.0,156,,0,,0,9944.0,0.0,0.0,0.9916596,
1705,3,85200,COCONUT,9942.0,207,,0,,0,9944.0,134,9945.0,73,,0,9943.0,0.0,-0.00010056821047343048,0.9916592000000001,
1707,3,85300,COCONUT,9942.0,175,,0,,0,9944.0,119,9945.0,56,,0,9943.0,0.0,0.0,0.9916588000000001,
1709,3,85400,COCONUT,9941.0,146,9940.0,49,,0,9943.0,195,,0,,0,9942.0,0.0,-0.00010057832545567498,0.9916584,
1710,3,85500,COCONUT,9942.0,9,9941.0,178,,0,9943.0,122,9944.0,56,,0,9942.5,0.0,5.029042722785317e-05,0.991658,
1713,3,85600,COCONUT,9941.0,127,9940.0,71,,0,9942.0,127,9943.0,71,,0,9941.5,0.0,-0.0001005833837098576,0.9916576,
1715,3,85700,COCONUT,9943.0,211,,0,,0,9945.0,143,9946.0,68,,0,9944.0,0.0,0.00025143949241126476,0.9916572,
1717,3,85800,COCONUT,9944.0,103,9943.0,40,,0,9945.0,103,9946.0,40,,0,9944.5,0.0,5.0280312754068804e-05,0.9916568,
1718,3,85900,COCONUT,9946.0,5,9945.0,165,,0,9947.0,113,9948.0,52,,0,9946.5,0.0,0.00020109597373084537,0.9916564,
1721,3,86000,COCONUT,9946.0,158,,0,,0,9948.0,110,9949.0,48,,0,9947.0,0.0,5.026767538188657e-05,0.991656,
1723,3,86100,COCONUT,9946.0,144,9945.0,47,,0,9948.0,191,,0,,0,9947.0,0.0,0.0,0.9916556000000001,
1725,3,86200,COCONUT,9945.0,172,,0,,0,9947.0,119,9948.0,53,,0,9946.0,0.0,-0.00010053787773011071,0.9916552000000001,
1726,3,86300,COCONUT,9945.0,102,9944.0,50,,0,9946.0,102,9947.0,50,,0,9945.5,0.0,-5.027272956845639e-05,0.9916548000000001,
1729,3,86400,COCONUT,9945.0,106,9944.0,74,,0,9946.0,106,9947.0,74,,0,9945.5,0.0,0.0,0.9916544,
1731,3,86500,COCONUT,9945.0,148,9944.0,71,,0,9947.0,219,,0,,0,9946.0,0.0,5.027272956844901e-05,0.991654,
1733,3,86600,COCONUT,9946.0,131,9945.0,78,,0,9947.0,131,9948.0,78,,0,9946.5,0.0,5.027020234805684e-05,0.9916536,
1734,3,86700,COCONUT,9947.0,130,9946.0,53,,0,9948.0,130,9949.0,53,,0,9947.5,0.0,0.00010053282405159627,0.9916532,
1737,3,86800,COCONUT,9945.0,169,,0,,0,9947.0,118,9948.0,51,,0,9946.0,0.0,-0.00015080302639985095,0.9916528,
1739,3,86900,COCONUT,9945.0,102,9944.0,63,,0,9946.0,102,9947.0,63,,0,9945.5,0.0,-5.027272956845639e-05,0.9916524,
1741,3,87000,COCONUT,9945.0,126,9944.0,66,,0,9947.0,192,,0,,0,9946.0,0.0,5.027272956844901e-05,0.9916520000000001,
1742,3,87100,COCONUT,9946.0,108,9945.0,57,,0,9948.0,165,,0,,0,9947.0,0.0,0.00010053787773012215,0.9916516000000001,
1745,3,87200,COCONUT,9947.0,127,9946.0,58,,0,9948.0,127,9949.0,58,,0,9947.5,0.0,5.026514866971618e-05,0.9916512000000001,
1747,3,87300,COCONUT,9948.0,127,9947.0,58,,0,9949.0,127,9950.0,58,,0,9948.5,0.0,0.00010052271821887287,0.9916508,
1749,3,87400,COCONUT,9948.0,119,9947.0,43,,0,9949.0,119,9950.0,43,,0,9948.5,0.0,0.0,0.9916504,
1750,3,87500,COCONUT,9947.0,112,9946.0,64,,0,9948.0,112,9949.0,64,,0,9947.5,0.0,-0.00010052271821899839,0.99165,
1752,3,87600,COCONUT,9947.0,104,9946.0,42,,0,9948.0,104,9949.0,42,,0,9947.5,0.0,0.0,0.9916495999999999,
1754,3,87700,COCONUT,9947.0,102,9946.0,64,,0,9949.0,166,,0,,0,9948.0,0.0,5.026262221154567e-05,0.9916491999999999,
1757,3,87800,COCONUT,9947.0,167,,0,,0,9949.0,106,9950.0,61,,0,9948.0,0.0,0.0,0.9916488,
1759,3,87900,COCONUT,9946.0,113,9945.0,73,,0,9947.0,113,9948.0,73,,0,9946.5,0.0,-0.00015079544626331445,0.9916484,
1760,3,88000,COCONUT,9944.0,108,9943.0,54,,0,9946.0,162,,0,,0,9945.0,0.0,-0.00015081818895939028,0.991648,
1762,3,88100,COCONUT,9944.0,195,,0,,0,9946.0,124,9947.0,71,,0,9945.0,0.0,0.0,0.9916476,
1764,3,88200,COCONUT,9945.0,106,9944.0,64,,0,9946.0,106,9947.0,64,,0,9945.5,0.0,5.027525704284105e-05,0.9916472,
1767,3,88300,COCONUT,9944.0,137,9943.0,58,,0,9946.0,195,,0,,0,9945.0,0.0,-5.027525704285084e-05,0.9916467999999999,
1768,3,88400,COCONUT,9945.0,121,9944.0,70,,0,9946.0,119,9947.0,70,,0,9945.5,0.0,5.027525704284105e-05,0.9916463999999999,
1770,3,88500,COCONUT,9944.0,130,9943.0,71,,0,9945.0,130,9946.0,71,,0,9944.5,0.0,-0.00010055304181425514,0.9916459999999999,
1772,3,88600,COCONUT,9943.0,151,,0,,0,9945.0,100,9946.0,51,,0,9944.0,0.0,-5.02803127540874e-05,0.9916455999999999,
1775,3,88700,COCONUT,9943.0,113,9942.0,46,,0,9945.0,159,,0,,0,9944.0,0.0,0.0,0.9916452,
1776,3,88800,COCONUT,9944.0,116,9943.0,61,,0,9945.0,116,9946.0,61,,0,9944.5,0.0,5.0280312754068804e-05,0.9916448,
1778,3,88900,COCONUT,9942.0,142,9941.0,50,,0,9944.0,192,,0,,0,9943.0,0.0,-0.00015084852322755506,0.9916444,
1780,3,89000,COCONUT,9940.0,107,9939.0,48,,0,9942.0,155,,0,,0,9941.0,0.0,-0.0002011667679284626,0.991644,
1783,3,89100,COCONUT,9941.0,114,9940.0,65,,0,9942.0,114,9943.0,65,,0,9941.5,0.0,5.02954859906318e-05,0.9916436,
1784,3,89200,COCONUT,9941.0,126,9940.0,56,,0,9942.0,126,9943.0,56,,0,9941.5,0.0,0.0,0.9916432,
1786,3,89300,COCONUT,9942.0,118,9941.0,55,,0,9943.0,118,9944.0,55,,0,9942.5,0.0,0.00010058338370977249,0.9916427999999999,
1788,3,89400,COCONUT,9940.0,172,,0,,0,9942.0,110,9943.0,62,,0,9941.0,0.0,-0.0001508788697006094,0.9916423999999999,
1791,3,89500,COCONUT,9939.0,129,9938.0,44,,0,9941.0,173,,0,,0,9940.0,0.0,-0.00010059856152542429,0.991642,
1792,3,89600,COCONUT,9939.0,181,,0,,0,9941.0,130,9942.0,51,,0,9940.0,0.0,0.0,0.9916416,
1794,3,89700,COCONUT,9939.0,177,,0,,0,9941.0,122,9942.0,55,,0,9940.0,0.0,0.0,0.9916412,
1796,3,89800,COCONUT,9939.0,188,,0,,0,9941.0,121,9942.0,67,,0,9940.0,0.0,0.0,0.9916408,
1799,3,89900,COCONUT,9939.0,142,9938.0,66,,0,9941.0,208,,0,,0,9940.0,0.0,0.0,0.9916404,
1800,3,90000,COCONUT,9939.0,145,9938.0,76,,0,9941.0,221,,0,,0,9940.0,0.0,0.0,0.99164,
1802,3,90100,COCONUT,9938.0,186,,0,,0,9940.0,142,9941.0,44,,0,9939.0,0.0,-0.0001006086826141506,0.9916396,
1804,3,90200,COCONUT,9939.0,111,9938.0,78,,0,9940.0,111,9941.0,78,,0,9939.5,0.0,5.0305606570404196e-05,0.9916391999999999,
1807,3,90300,COCONUT,9937.0,180,,0,,0,9939.0,126,9940.0,54,,0,9938.0,0.0,-0.00015092441231017041,0.9916387999999999,
1808,3,90400,COCONUT,9938.0,130,9937.0,73,,0,9939.0,130,9940.0,73,,0,9938.5,0.0,5.031066838784201e-05,0.9916384,
1810,3,90500,COCONUT,9936.0,204,,0,,0,9938.0,143,9939.0,61,,0,9937.0,0.0,-0.00015093959929037235,0.991638,
1812,3,90600,COCONUT,9936.0,115,9935.0,62,,0,9937.0,109,9938.0,62,,0,9936.5,0.0,-5.0318263024142114e-05,0.9916376,
1815,3,90700,COCONUT,9937.0,107,9936.0,57,,0,9938.0,107,9939.0,57,,0,9937.5,0.0,0.00010063399424823215,0.9916372,
1816,3,90800,COCONUT,9936.0,121,9935.0,76,,0,9937.0,121,9938.0,76,,0,9936.5,0.0,-0.00010063399424818335,0.9916368,
1818,3,90900,COCONUT,9936.0,108,9935.0,75,,0,9938.0,183,,0,,0,9937.0,0.0,5.0318263024104316e-05,0.9916364,
1820,3,91000,COCONUT,9936.0,126,9935.0,73,,0,9937.0,126,9938.0,73,,0,9936.5,0.0,-5.0318263024142114e-05,0.991636,
1823,3,91100,COCONUT,9936.0,130,9935.0,64,,0,9937.0,130,9938.0,64,,0,9936.5,0.0,0.0,0.9916356,
