,day,timestamp,product,bid_price_1,bid_volume_1,bid_price_2,bid_volume_2,bid_price_3,bid_volume_3,ask_price_1,ask_volume_1,ask_price_2,ask_volume_2,ask_price_3,ask_volume_3,mid_price,profit_and_loss,log_returns,t_exp,vol_est
0,2,0,COCONUT,10135.0,150,10134.0,64,,0,10136.0,150,10137.0,64,,0,10135.5,0.0,,0.996,
3,2,100,COCONUT,10134.0,150,,0,,0,10136.0,106,10137.0,44,,0,10135.0,0.0,-4.933277423857769e-05,0.9959996,
4,2,200,COCONUT,10135.0,136,10134.0,55,,0,10136.0,136,10137.0,55,,0,10135.5,0.0,4.933277423851994e-05,0.9959992,
6,2,300,COCONUT,10134.0,168,,0,,0,10136.0,107,10137.0,61,,0,10135.0,0.0,-4.933277423857769e-05,0.9959988,
8,2,400,COCONUT,10133.0,127,10132.0,54,,0,10134.0,127,10135.0,54,,0,10133.5,0.0,-0.00014801292673244354,0.9959984,
11,2,500,COCONUT,10133.0,196,,0,,0,10135.0,120,10136.0,76,,0,10134.0,0.0,4.934007648720619e-05,0.995998,
12,2,600,COCONUT,10133.0,142,10132.0,57,,0,10135.0,199,,0,,0,10134.0,0.0,0.0,0.9959976,
14,2,700,COCONUT,10132.0,161,,0,,0,10134.0,116,10135.0,45,,0,10133.0,0.0,-9.868258753757351e-05,0.9959972,
16,2,800,COCONUT,10133.0,121,10132.0,70,,0,10135.0,191,,0,,0,10134.0,0.0,9.86825875375753e-05,0.9959968,
19,2,900,COCONUT,10133.0,130,10132.0,45,,0,10134.0,130,10135.0,45,,0,10133.5,0.0,-4.934007648715186e-05,0.9959964,
20,2,1000,COCONUT,10132.0,138,10131.0,63,,0,10133.0,138,10134.0,63,,0,10132.5,0.0,-9.868745690437752e-05,0.995996,
22,2,1100,COCONUT,10133.0,112,10132.0,50,,0,10134.0,112,10135.0,50,,0,10133.5,0.0,9.868745690443223e-05,0.9959956,
24,2,1200,COCONUT,10133.0,115,10132.0,71,,0,10135.0,186,,0,,0,10134.0,0.0,4.934007648720619e-05,0.9959952,
27,2,1300,COCONUT,10132.0,119,10131.0,67,,0,10133.0,119,10134.0,67,,0,10132.5,0.0,-0.0001480275333914207,0.9959948000000001,
28,2,1400,COCONUT,10131.0,139,10130.0,43,,0,10133.0,182,,0,,0,10132.0,0.0,-4.934738089782333e-05,0.9959944000000001,
30,2,1500,COCONUT,10132.0,184,,0,,0,10134.0,111,10135.0,73,,0,10133.0,0.0,9.869232675172255e-05,0.995994,
32,2,1600,COCONUT,10132.0,105,10131.0,66,,0,10133.0,105,10134.0,66,,0,10132.5,0.0,-4.934494585395912e-05,0.9959936,
35,2,1700,COCONUT,10130.0,121,10129.0,42,,0,10132.0,163,,0,,0,10131.0,0.0,-0.00014804944878626307,0.9959932,
36,2,1800,COCONUT,10129.0,163,,0,,0,10131.0,101,10132.0,62,,0,10130.0,0.0,-9.871181094836496e-05,0.9959928,
38,2,1900,COCONUT,10128.0,154,10127.0,72,,0,10129.0,146,10130.0,72,,0,10128.5,0.0,-0.00014808598886800146,0.9959924,
40,2,2000,COCONUT,10128.0,135,10127.0,42,,0,10129.0,135,10130.0,42,,0,10128.5,0.0,0.0,0.995992,
43,2,2100,COCONUT,10127.0,102,10126.0,51,,0,10129.0,153,,0,,0,10128.0,0.0,-4.936686990367725e-05,0.9959916,
44,2,2200,COCONUT,10128.0,107,10127.0,46,,0,10129.0,107,10130.0,46,,0,10128.5,0.0,4.936686990369752e-05,0.9959912000000001,
46,2,2300,COCONUT,10128.0,121,10127.0,43,,0,10129.0,121,10130.0,43,,0,10128.5,0.0,0.0,0.9959908000000001,
48,2,2400,COCONUT,10128.0,133,10127.0,45,,0,10130.0,178,,0,,0,10129.0,0.0,4.936443293613813e-05,0.9959904,
51,2,2500,COCONUT,10127.0,199,,0,,0,10129.0,124,10130.0,75,,0,10128.0,0.0,-9.873130283973555e-05,0.99599,
52,2,2600,COCONUT,10128.0,130,10127.0,41,,0,10129.0,130,10130.0,41,,0,10128.5,0.0,4.936686990369752e-05,0.9959896,
54,2,2700,COCONUT,10127.0,179,,0,,0,10129.0,108,10130.0,71,,0,10128.0,0.0,-4.936686990367725e-05,0.9959892,
56,2,2800,COCONUT,10126.0,147,10125.0,68,,0,10127.0,147,10128.0,68,,0,10126.5,0.0,-0.00014811523392251142,0.9959888,
59,2,2900,COCONUT,10125.0,129,10124.0,61,,0,10127.0,190,,0,,0,10126.0,0.0,-4.937662018035798e-05,0.9959884,
60,2,3000,COCONUT,10126.0,147,10125.0,68,,0,10128.0,215,,0,,0,10127.0,0.0,9.875080243053043e-05,0.9959880000000001,
62,2,3100,COCONUT,10125.0,127,10124.0,60,,0,10127.0,187,,0,,0,10126.0,0.0,-9.875080243053276e-05,0.9959876000000001,
64,2,3200,COCONUT,10125.0,146,10124.0,60,,0,10126.0,146,10127.0,60,,0,10125.5,0.0,-4.9379058351396885e-05,0.9959872000000001,
67,2,3300,COCONUT,10124.0,137,10123.0,80,,0,10125.0,137,10126.0,80,,0,10124.5,0.0,-9.876543217905835e-05,0.9959868000000001,
68,2,3400,COCONUT,10124.0,130,10123.0,70,,0,10126.0,200,,0,,0,10125.0,0.0,4.9383935415834016e-05,0.9959864,
70,2,3500,COCONUT,10122.0,103,10121.0,40,,0,10123.0,103,10124.0,40,,0,10122.5,0.0,-0.0002469440684236542,0.995986,
73,2,3600,COCONUT,10122.0,150,10121.0,77,,0,10124.0,227,,0,,0,10123.0,0.0,4.939369243563e-05,0.9959856,
75,2,3700,COCONUT,10120.0,207,,0,,0,10122.0,139,10123.0,68,,0,10121.0,0.0,-0.00019758940985049796,0.9959852,
77,2,3800,COCONUT,10119.0,106,10118.0,55,,0,10121.0,161,,0,,0,10120.0,0.0,-9.880934744467926e-05,0.9959848,
78,2,3900,COCONUT,10120.0,147,10119.0,50,,0,10121.0,147,10122.0,50,,0,10120.5,0.0,4.940589413313509e-05,0.9959844000000001,
81,2,4000,COCONUT,10122.0,123,10121.0,42,,0,10123.0,123,10124.0,42,,0,10122.5,0.0,0.00019759917072647272,0.9959840000000001,
83,2,4100,COCONUT,10121.0,103,10120.0,78,,0,10122.0,103,10123.0,78,,0,10121.5,0.0,-9.879470468418832e-05,0.9959836,
85,2,4200,COCONUT,10119.0,180,,0,,0,10121.0,136,10122.0,44,,0,10120.0,0.0,-0.00014821036017545377,0.9959832,
86,2,4300,COCONUT,10120.0,129,10119.0,46,,0,10121.0,129,10122.0,46,,0,10120.5,0.0,4.940589413313509e-05,0.9959828,
89,2,4400,COCONUT,10119.0,194,,0,,0,10121.0,114,10122.0,80,,0,10120.0,0.0,-4.940589413317354e-05,0.9959823999999999,
91,2,4500,COCONUT,10118.0,103,10117.0,43,,0,10120.0,146,,0,,0,10119.0,0.0,-9.881911169665735e-05,0.9959819999999999,
93,2,4600,COCONUT,10120.0,125,10119.0,59,,0,10121.0,125,10122.0,59,,0,10120.5,0.0,0.0001482250058299228,0.9959815999999999,
94,2,4700,COCONUT,10120.0,133,10119.0,70,,0,10121.0,133,10122.0,70,,0,10120.5,0.0,0.0,0.9959811999999999,
97,2,4800,COCONUT,10120.0,111,10119.0,78,,0,10122.0,189,,0,,0,10121.0,0.0,4.940345331138893e-05,0.9959808,
99,2,4900,COCONUT,10119.0,137,10118.0,43,,0,10120.0,137,10121.0,43,,0,10119.5,0.0,-0.00014821768264083418,0.9959804,
101,2,5000,COCONUT,10119.0,188,,0,,0,10121.0,146,10122.0,42,,0,10120.0,0.0,4.9408335196225857e-05,0.99598,
102,2,5100,COCONUT,10117.0,120,10116.0,73,,0,10118.0,120,10119.0,73,,0,10117.5,0.0,-0.00024706609143592615,0.9959796,
105,2,5200,COCONUT,10118.0,112,10117.0,42,,0,10120.0,154,,0,,0,10119.0,0.0,0.00014824697973933224,0.9959792,
107,2,5300,COCONUT,10119.0,137,10118.0,46,,0,10121.0,183,,0,,0,10120.0,0.0,9.881911169667025e-05,0.9959787999999999,
109,2,5400,COCONUT,10120.0,102,10119.0,45,,0,10121.0,109,10122.0,45,,0,10120.5,0.0,4.940589413313509e-05,0.9959783999999999,
110,2,5500,COCONUT,10120.0,108,10119.0,80,,0,10121.0,108,10122.0,80,,0,10120.5,0.0,0.0,0.9959779999999999,
113,2,5600,COCONUT,10120.0,170,,0,,0,10122.0,100,10123.0,70,,0,10121.0,0.0,4.940345331138893e-05,0.9959776,
115,2,5700,COCONUT,10120.0,172,,0,,0,10122.0,108,10123.0,64,,0,10121.0,0.0,0.0,0.9959772,
117,2,5800,COCONUT,10120.0,103,10119.0,47,,0,10121.0,103,10122.0,47,,0,10120.5,0.0,-4.940345331139181e-05,0.9959768,
118,2,5900,COCONUT,10118.0,116,10117.0,72,,0,10120.0,188,,0,,0,10119.0,0.0,-0.00014822500582979678,0.9959764,
121,2,6000,COCONUT,10119.0,106,10118.0,55,,0,10120.0,106,10121.0,55,,0,10119.5,0.0,4.9410776500439194e-05,0.995976,
123,2,6100,COCONUT,10118.0,171,,0,,0,10119.0,10,10120.0,112,10121.0,59,10118.5,0.0,-9.882399454623049e-05,0.9959756,
125,2,6200,COCONUT,10117.0,146,10116.0,76,,0,10119.0,222,,0,,0,10118.0,0.0,-4.94156598326608e-05,0.9959752,
126,2,6300,COCONUT,10117.0,133,10116.0,52,,0,10118.0,133,10119.0,52,,0,10117.5,0.0,-4.941810186078925e-05,0.9959747999999999,
129,2,6400,COCONUT,10116.0,112,10115.0,78,,0,10117.0,112,10118.0,78,,0,10116.5,0.0,-9.884353077137798e-05,0.9959743999999999,
131,2,6500,COCONUT,10116.0,130,10115.0,41,,0,10118.0,171,,0,,0,10117.0,0.0,4.9422986641230754e-05,0.995974,
133,2,6600,COCONUT,10116.0,141,10115.0,68,,0,10118.0,209,,0,,0,10117.0,0.0,0.0,0.9959736,
134,2,6700,COCONUT,10117.0,109,10116.0,77,,0,10118.0,109,10119.0,77,,0,10117.5,0.0,4.942054413029444e-05,0.9959732,
137,2,6800,COCONUT,10117.0,193,,0,,0,10119.0,142,10120.0,51,,0,10118.0,0.0,4.941810186070272e-05,0.9959728,
139,2,6900,COCONUT,10117.0,105,10116.0,43,,0,10118.0,105,10119.0,43,,0,10117.5,0.0,-4.941810186078925e-05,0.9959724,
141,2,7000,COCONUT,10117.0,120,10116.0,76,,0,10118.0,120,10119.0,76,,0,10117.5,0.0,0.0,0.995972,
142,2,7100,COCONUT,10117.0,124,10116.0,65,,0,10118.0,124,10119.0,65,,0,10117.5,0.0,0.0,0.9959716,
145,2,7200,COCONUT,10116.0,198,,0,,0,10118.0,128,10119.0,70,,0,10117.0,0.0,-4.942054413029808e-05,0.9959712,
147,2,7300,COCONUT,10117.0,111,10116.0,71,,0,10118.0,111,10119.0,71,,0,10117.5,0.0,4.942054413029444e-05,0.9959708,
149,2,7400,COCONUT,10118.0,114,10117.0,71,,0,10120.0,185,,0,,0,10119.0,0.0,0.00014824697973933224,0.9959704,
150,2,7500,COCONUT,10118.0,113,10117.0,56,,0,10119.0,113,10120.0,56,,0,10118.5,0.0,-4.941321804591272e-05,0.99597,
152,2,7600,COCONUT,10119.0,149,10118.0,59,,0,10120.0,149,10121.0,59,,0,10119.5,0.0,9.88239945462987e-05,0.9959696,
154,2,7700,COCONUT,10117.0,178,,0,,0,10119.0,134,10120.0,44,,0,10118.0,0.0,-0.0001482396543789127,0.9959692,
157,2,7800,COCONUT,10115.0,176,,0,,0,10117.0,106,10118.0,70,,0,10116.0,0.0,-0.00019768706202562183,0.9959688,
158,2,7900,COCONUT,10116.0,110,10115.0,56,,0,10117.0,110,10118.0,56,,0,10116.5,0.0,4.942542939351166e-05,0.9959684,
160,2,8000,COCONUT,10116.0,175,,0,,0,10118.0,126,10119.0,49,,0,10117.0,0.0,4.9422986641230754e-05,0.995968,
162,2,8100,COCONUT,10117.0,116,10116.0,76,,0,10118.0,116,10119.0,76,,0,10117.5,0.0,4.942054413029444e-05,0.9959676,
164,2,8200,COCONUT,10116.0,149,,0,,0,10118.0,109,10119.0,40,,0,10117.0,0.0,-4.942054413029808e-05,0.9959672,
167,2,8300,COCONUT,10117.0,7,10116.0,193,,0,10118.0,131,10119.0,62,,0,10117.5,0.0,4.942054413029444e-05,0.9959668,
168,2,8400,COCONUT,10117.0,143,10116.0,58,,0,10118.0,143,10119.0,58,,0,10117.5,0.0,0.0,0.9959664,
170,2,8500,COCONUT,10116.0,146,10115.0,63,,0,10118.0,209,,0,,0,10117.0,0.0,-4.942054413029808e-05,0.995966,
172,2,8600,COCONUT,10115.0,101,10114.0,68,,0,10116.0,101,10117.0,68,,0,10115.5,0.0,-0.0001482762884219424,0.9959656,
175,2,8700,COCONUT,10113.0,181,,0,,0,10115.0,124,10116.0,57,,0,10114.0,0.0,-0.00014829827754009718,0.9959652,
176,2,8800,COCONUT,10113.0,117,10112.0,40,,0,10115.0,157,,0,,0,10114.0,0.0,0.0,0.9959648,
178,2,8900,COCONUT,10112.0,213,,0,,0,10114.0,140,10115.0,73,,0,10113.0,0.0,-9.887773775788353e-05,0.9959644,
180,2,9000,COCONUT,10113.0,101,10112.0,57,,0,10114.0,101,10115.0,57,,0,10113.5,0.0,4.944009097987406e-05,0.9959640000000001,
183,2,9100,COCONUT,10113.0,143,10112.0,78,,0,10114.0,143,10115.0,78,,0,10113.5,0.0,0.0,0.9959636000000001,
184,2,9200,COCONUT,10112.0,140,10111.0,61,,0,10113.0,139,10114.0,61,,0,10112.5,0.0,-9.888262640312504e-05,0.9959632,
186,2,9300,COCONUT,10111.0,140,10110.0,52,,0,10112.0,135,10113.0,52,,0,10111.5,0.0,-9.889240514388544e-05,0.9959628,
188,2,9400,COCONUT,10110.0,144,10109.0,48,,0,10111.0,144,10112.0,48,,0,10110.5,0.0,-9.890218581894127e-05,0.9959624,
191,2,9500,COCONUT,10109.0,123,10108.0,76,,0,10111.0,199,,0,,0,10110.0,0.0,-4.945476126723706e-05,0.995962,
192,2,9600,COCONUT,10108.0,173,,0,,0,10110.0,121,10111.0,52,,0,10109.0,0.0,-9.891686045955041e-05,0.9959616,
194,2,9700,COCONUT,10108.0,205,,0,,0,10110.0,150,10111.0,55,,0,10109.0,0.0,0.0,0.9959612,
196,2,9800,COCONUT,10108.0,101,10107.0,65,,0,10109.0,101,10110.0,65,,0,10108.5,0.0,-4.946209967623396e-05,0.9959608,
199,2,9900,COCONUT,10109.0,143,10108.0,52,,0,10110.0,143,10111.0,52,,0,10109.5,0.0,9.892175297422918e-05,0.9959604000000001,
200,2,10000,COCONUT,10107.0,135,10106.0,61,,0,10109.0,196,,0,,0,10108.0,0.0,-0.0001483862992707109,0.9959600000000001,
202,2,10100,COCONUT,10107.0,126,10106.0,77,,0,10108.0,126,10109.0,77,,0,10107.5,0.0,-4.9466993158872366e-05,0.9959596000000001,
204,2,10200,COCONUT,10107.0,105,10106.0,40,,0,10108.0,105,10109.0,40,,0,10107.5,0.0,0.0,0.9959592,
207,2,10300,COCONUT,10106.0,183,,0,,0,10108.0,104,10109.0,79,,0,10107.0,0.0,-4.946944026331695e-05,0.9959588,
208,2,10400,COCONUT,10106.0,159,10105.0,63,,0,10107.0,149,10108.0,63,,0,10106.5,0.0,-4.947188760991915e-05,0.9959584,
210,2,10500,COCONUT,10104.0,105,10103.0,58,,0,10106.0,163,,0,,0,10105.0,0.0,-0.00014843034933122748,0.995958,
212,2,10600,COCONUT,10104.0,115,10103.0,43,,0,10105.0,115,10106.0,43,,0,10104.5,0.0,-4.9481679418348184e-05,0.9959576,
215,2,10700,COCONUT,10104.0,112,10103.0,78,,0,10105.0,112,10106.0,78,,0,10104.5,0.0,0.0,0.9959572,
216,2,10800,COCONUT,10103.0,105,10102.0,64,,0,10105.0,169,,0,,0,10104.0,0.0,-4.9484127976071535e-05,0.9959568000000001,
218,2,10900,COCONUT,10103.0,148,10102.0,40,,0,10104.0,148,10105.0,40,,0,10103.5,0.0,-4.9486576776174564e-05,0.9959564000000001,
220,2,11000,COCONUT,10103.0,125,10102.0,44,,0,10104.0,125,10105.0,44,,0,10103.5,0.0,0.0,0.9959560000000001,
223,2,11100,COCONUT,10102.0,153,10101.0,45,,0,10104.0,188,,0,,0,10103.0,0.0,-4.948902581865727e-05,0.9959556,
224,2,11200,COCONUT,10101.0,92,10100.0,69,,0,10103.0,169,,0,,0,10102.0,0.0,-9.898539973437847e-05,0.9959552,
226,2,11300,COCONUT,10101.0,156,,0,,0,10103.0,113,10104.0,43,,0,10102.0,0.0,0.0,0.9959548,
228,2,11400,COCONUT,10102.0,126,10101.0,46,,0,10104.0,172,,0,,0,10103.0,0.0,9.898539973444479e-05,0.9959544,
231,2,11500,COCONUT,10102.0,108,10101.0,53,,0,10104.0,161,,0,,0,10103.0,0.0,0.0,0.995954,
232,2,11600,COCONUT,10102.0,158,,0,,0,10104.0,107,10105.0,51,,0,10103.0,0.0,0.0,0.9959536000000001,
234,2,11700,COCONUT,10103.0,126,10102.0,73,,0,10104.0,133,10105.0,73,,0,10103.5,0.0,4.9489025818629956e-05,0.9959532,
236,2,11800,COCONUT,10103.0,114,10102.0,66,,0,10104.0,114,10105.0,66,,0,10103.5,0.0,0.0,0.9959528,
239,2,11900,COCONUT,10102.0,147,10101.0,46,,0,10104.0,193,,0,,0,10103.0,0.0,-4.948902581865727e-05,0.9959524,
240,2,12000,COCONUT,10102.0,123,10101.0,60,,0,10104.0,123,10105.0,60,,0,10103.0,0.0,0.0,0.995952,
242,2,12100,COCONUT,10101.0,115,10100.0,51,,0,10102.0,115,10103.0,51,,0,10101.5,0.0,-0.00014848177413506186,0.9959515999999999,
244,2,12200,COCONUT,10101.0,140,10100.0,66,,0,10102.0,140,10103.0,66,,0,10101.5,0.0,0.0,0.9959511999999999,
247,2,12300,COCONUT,10100.0,187,,0,,0,10102.0,146,10103.0,41,,0,10101.0,0.0,-4.949882441305108e-05,0.9959507999999999,
249,2,12400,COCONUT,10100.0,117,10099.0,49,,0,10101.0,117,10102.0,49,,0,10100.5,0.0,-4.950127466787631e-05,0.9959503999999999,
250,2,12500,COCONUT,10099.0,131,10098.0,52,,0,10100.0,131,10101.0,52,,0,10099.5,0.0,-9.900990107095516e-05,0.99595,
253,2,12600,COCONUT,10098.0,10,10097.0,169,,0,10099.0,102,10100.0,67,,0,10098.5,0.0,-9.901970500219583e-05,0.9959496,
255,2,12700,COCONUT,10097.0,109,10096.0,66,,0,10099.0,175,,0,,0,10098.0,0.0,-4.9513529582027914e-05,0.9959492,
257,2,12800,COCONUT,10098.0,139,10097.0,60,,0,10099.0,139,10100.0,60,,0,10098.5,0.0,4.951352958212476e-05,0.9959488,
258,2,12900,COCONUT,10096.0,109,10095.0,44,,0,10097.0,109,10098.0,44,,0,10096.5,0.0,-0.00019806882956563914,0.9959484,
261,2,13000,COCONUT,10095.0,143,10094.0,72,,0,10096.0,143,10097.0,72,,0,10095.5,0.0,-9.904912844866214e-05,0.9959479999999999,
263,2,13100,COCONUT,10095.0,108,10094.0,41,,0,10096.0,108,10097.0,41,,0,10095.5,0.0,0.0,0.9959475999999999,
265,2,13200,COCONUT,10095.0,108,10094.0,51,,0,10096.0,108,10097.0,51,,0,10095.5,0.0,0.0,0.9959471999999999,
266,2,13300,COCONUT,10097.0,137,10096.0,62,,0,10099.0,199,,0,,0,10098.0,0.0,0.0002476044284320802,0.9959468,
269,2,13400,COCONUT,10098.0,135,10097.0,70,,0,10100.0,205,,0,,0,10099.0,0.0,9.902460769601819e-05,0.9959464,
271,2,13500,COCONUT,10100.0,130,10099.0,77,,0,10102.0,207,,0,,0,10101.0,0.0,0.00019801980262734245,0.995946,
273,2,13600,COCONUT,10101.0,123,10100.0,53,,0,10102.0,123,10103.0,53,,0,10101.5,0.0,4.949882441297281e-05,0.9959456,
274,2,13700,COCONUT,10101.0,141,10100.0,72,,0,10102.0,133,10103.0,72,,0,10101.5,0.0,0.0,0.9959452,
277,2,13800,COCONUT,10102.0,139,10101.0,75,,0,10103.0,139,10104.0,75,,0,10102.5,0.0,9.899029903158548e-05,0.9959448,
279,2,13900,COCONUT,10103.0,123,10102.0,58,,0,10105.0,181,,0,,0,10104.0,0.0,0.00014846707769823416,0.9959444,
281,2,14000,COCONUT,10104.0,147,10103.0,52,,0,10105.0,147,10106.0,52,,0,10104.5,0.0,4.9484127975964755e-05,0.9959439999999999,
282,2,14100,COCONUT,10106.0,101,10105.0,57,,0,10107.0,101,10108.0,57,,0,10106.5,0.0,0.00019791202874958836,0.9959435999999999,
285,2,14200,COCONUT,10105.0,125,10104.0,42,,0,10107.0,167,,0,,0,10106.0,0.0,-4.947433519867896e-05,0.9959432,
287,2,14300,COCONUT,10106.0,138,10105.0,53,,0,10107.0,138,10108.0,53,,0,10106.5,0.0,4.947433519875874e-05,0.9959428,
289,2,14400,COCONUT,10106.0,175,,0,,0,10108.0,131,10109.0,44,,0,10107.0,0.0,4.947188761003895e-05,0.9959424,
290,2,14500,COCONUT,10107.0,106,10106.0,80,,0,10108.0,106,10109.0,80,,0,10107.5,0.0,4.946944026332982e-05,0.995942,
293,2,14600,COCONUT,10106.0,132,10105.0,61,,0,10108.0,193,,0,,0,10107.0,0.0,-4.946944026331695e-05,0.9959416,
295,2,14700,COCONUT,10106.0,138,10105.0,46,,0,10108.0,184,,0,,0,10107.0,0.0,0.0,0.9959412,
297,2,14800,COCONUT,10105.0,108,10104.0,48,,0,10106.0,108,10107.0,48,,0,10105.5,0.0,-0.0001484230058383192,0.9959408,
298,2,14900,COCONUT,10105.0,107,10104.0,60,,0,10106.0,107,10107.0,60,,0,10105.5,0.0,0.0,0.9959404,
301,2,15000,COCONUT,10104.0,97,10103.0,71,,0,10105.0,103,10106.0,71,,0,10104.5,0.0,-9.896091052112771e-05,0.99594,
303,2,15100,COCONUT,10104.0,143,10103.0,40,,0,10105.0,135,10106.0,40,,0,10104.5,0.0,0.0,0.9959396,
305,2,15200,COCONUT,10105.0,127,10104.0,57,,0,10106.0,127,10107.0,57,,0,10105.5,0.0,9.896091052117666e-05,0.9959392,
306,2,15300,COCONUT,10107.0,6,10106.0,197,,0,10108.0,150,10109.0,47,,0,10107.5,0.0,0.00019789244610168545,0.9959388,
309,2,15400,COCONUT,10105.0,190,,0,,0,10107.0,132,10108.0,58,,0,10106.0,0.0,-0.0001484156630719916,0.9959384,
311,2,15500,COCONUT,10103.0,149,10102.0,45,,0,10104.0,149,10105.0,45,,0,10103.5,0.0,-0.00024740839830301276,0.995938,
313,2,15600,COCONUT,10104.0,110,10103.0,46,,0,10105.0,110,10106.0,46,,0,10104.5,0.0,9.897070475226324e-05,0.9959376,
314,2,15700,COCONUT,10104.0,125,10103.0,57,,0,10106.0,182,,0,,0,10105.0,0.0,4.948167941831423e-05,0.9959372,
317,2,15800,COCONUT,10105.0,128,10104.0,56,,0,10106.0,128,10107.0,56,,0,10105.5,0.0,4.947923110289638e-05,0.9959368,
319,2,15900,COCONUT,10105.0,142,10104.0,40,,0,10106.0,133,10107.0,40,,0,10105.5,0.0,0.0,0.9959364,
321,2,16000,COCONUT,10104.0,8,10103.0,198,,0,10105.0,140,10106.0,58,,0,10104.5,0.0,-9.896091052112771e-05,0.995936,
322,2,16100,COCONUT,10103.0,141,10102.0,64,,0,10105.0,205,,0,,0,10104.0,0.0,-4.9484127976071535e-05,0.9959356,
325,2,16200,COCONUT,10103.0,150,10102.0,43,,0,10104.0,150,10105.0,43,,0,10103.5,0.0,-4.9486576776174564e-05,0.9959352,
327,2,16300,COCONUT,10102.0,190,,0,,0,10104.0,144,10105.0,46,,0,10103.0,0.0,-4.948902581865727e-05,0.9959348,
329,2,16400,COCONUT,10102.0,150,10101.0,53,,0,10103.0,150,10104.0,53,,0,10102.5,0.0,-4.949147510351966e-05,0.9959344,
330,2,16500,COCONUT,10102.0,183,,0,,0,10104.0,127,10105.0,56,,0,10103.0,0.0,4.949147510342259e-05,0.995934,
332,2,16600,COCONUT,10101.0,169,,0,,0,10103.0,121,10104.0,48,,0,10102.0,0.0,-9.898539973437847e-05,0.9959336,
334,2,16700,COCONUT,10101.0,189,,0,,0,10103.0,149,10104.0,40,,0,10102.0,0.0,0.0,0.9959332000000001,
337,2,16800,COCONUT,10101.0,135,10100.0,40,,0,10103.0,175,,0,,0,10102.0,0.0,0.0,0.9959328000000001,
339,2,16900,COCONUT,10100.0,193,,0,,0,10101.0,6,10102.0,135,10103.0,58,10100.5,0.0,-0.00014849647348163424,0.9959324,
340,2,17000,COCONUT,10098.0,203,,0,,0,10100.0,146,10101.0,57,,0,10099.0,0.0,-0.00014851852795928807,0.995932,
342,2,17100,COCONUT,10098.0,107,10097.0,50,,0,10099.0,107,10100.0,50,,0,10098.5,0.0,-4.9511078113860867e-05,0.9959316,
344,2,17200,COCONUT,10100.0,112,10099.0,50,,0,10101.0,112,10102.0,50,,0,10100.5,0.0,0.00019802960607321666,0.9959312,
347,2,17300,COCONUT,10100.0,7,10099.0,184,,0,10101.0,115,10102.0,69,,0,10100.5,0.0,0.0,0.9959308,
348,2,17400,COCONUT,10098.0,182,,0,,0,10100.0,118,10101.0,64,,0,10099.0,0.0,-0.00014851852795928807,0.9959304,
350,2,17500,COCONUT,10100.0,149,10099.0,52,,0,10101.0,149,10102.0,52,,0,10100.5,0.0,0.00014851852795939088,0.99593,
352,2,17600,COCONUT,10100.0,134,10099.0,71,,0,10101.0,134,10102.0,71,,0,10100.5,0.0,0.0,0.9959296000000001,
355,2,17700,COCONUT,10100.0,208,,0,,0,10102.0,139,10103.0,69,,0,10101.0,0.0,4.950127466802833e-05,0.9959292000000001,
356,2,17800,COCONUT,10102.0,9,10101.0,200,,0,10103.0,120,10104.0,80,,0,10102.5,0.0,0.0001484891234446238,0.9959288000000001,
358,2,17900,COCONUT,10102.0,138,10101.0,61,,0,10104.0,199,,0,,0,10103.0,0.0,4.949147510342259e-05,0.9959284,
360,2,18000,COCONUT,10101.0,190,,0,,0,10103.0,146,10104.0,44,,0,10102.0,0.0,-9.898539973437847e-05,0.995928,
363,2,18100,COCONUT,10101.0,125,10100.0,45,,0,10102.0,125,10103.0,45,,0,10101.5,0.0,-4.949637440071656e-05,0.9959276,
364,2,18200,COCONUT,10101.0,145,10100.0,55,,0,10103.0,200,,0,,0,10102.0,0.0,4.949637440059402e-05,0.9959272,
366,2,18300,COCONUT,10101.0,106,10100.0,46,,0,10102.0,106,10103.0,46,,0,10101.5,0.0,-4.949637440071656e-05,0.9959268,
368,2,18400,COCONUT,10102.0,148,10101.0,73,,0,10103.0,148,10104.0,73,,0,10102.5,0.0,9.899029903158548e-05,0.9959264,
371,2,18500,COCONUT,10102.0,149,10101.0,57,,0,10103.0,149,10104.0,57,,0,10102.5,0.0,0.0,0.9959260000000001,
372,2,18600,COCONUT,10102.0,129,10101.0,42,,0,10103.0,129,10104.0,42,,0,10102.5,0.0,0.0,0.9959256000000001,
374,2,18700,COCONUT,10102.0,118,10101.0,60,,0,10104.0,178,,0,,0,10103.0,0.0,4.949147510342259e-05,0.9959252000000001,
376,2,18800,COCONUT,10103.0,111,10102.0,80,,0,10104.0,111,10105.0,80,,0,10103.5,0.0,4.9489025818629956e-05,0.9959248,
379,2,18900,COCONUT,10103.0,127,10102.0,61,,0,10105.0,188,,0,,0,10104.0,0.0,4.948657677607e-05,0.9959244,
380,2,19000,COCONUT,10102.0,161,,0,,0,10104.0,108,10105.0,53,,0,10103.0,0.0,-9.897560259482538e-05,0.995924,
382,2,19100,COCONUT,10105.0,135,10104.0,54,,0,10106.0,135,10107.0,54,,0,10105.5,0.0,0.000247420641091982,0.9959236,
384,2,19200,COCONUT,10105.0,112,10104.0,74,,0,10107.0,186,,0,,0,10106.0,0.0,4.947678302971122e-05,0.9959231999999999,
387,2,19300,COCONUT,10106.0,116,10105.0,80,,0,10108.0,196,,0,,0,10107.0,0.0,9.894622280876644e-05,0.9959228,
388,2,19400,COCONUT,10108.0,145,10107.0,63,,0,10109.0,145,10110.0,63,,0,10108.5,0.0,0.00014840097971891055,0.9959224,
390,2,19500,COCONUT,10109.0,119,10108.0,69,,0,10110.0,119,10111.0,69,,0,10109.5,0.0,9.892175297422918e-05,0.995922,
392,2,19600,COCONUT,10109.0,145,10108.0,40,,0,10111.0,185,,0,,0,10110.0,0.0,4.945720716149829e-05,0.9959216,
395,2,19700,COCONUT,10109.0,150,10108.0,57,,0,10110.0,150,10111.0,57,,0,10109.5,0.0,-4.9457207161559795e-05,0.9959212,
396,2,19800,COCONUT,10109.0,110,10108.0,44,,0,10111.0,154,,0,,0,10110.0,0.0,4.945720716149829e-05,0.9959207999999999,
398,2,19900,COCONUT,10111.0,140,10110.0,80,,0,10113.0,220,,0,,0,10112.0,0.0,0.0001978043721216484,0.9959203999999999,
400,2,20000,COCONUT,10110.0,112,10109.0,59,,0,10112.0,171,,0,,0,10111.0,0.0,-9.889729523962642e-05,0.9959199999999999,
403,2,20100,COCONUT,10109.0,167,,0,,0,10111.0,106,10112.0,61,,0,10110.0,0.0,-9.890707688194102e-05,0.9959195999999999,
404,2,20200,COCONUT,10108.0,115,10107.0,59,,0,10109.0,115,10110.0,59,,0,10108.5,0.0,-0.00014837896013573186,0.9959192,
406,2,20300,COCONUT,10109.0,109,10108.0,46,,0,10110.0,111,10111.0,46,,0,10109.5,0.0,9.892175297422918e-05,0.9959188,
408,2,20400,COCONUT,10109.0,147,10108.0,62,,0,10111.0,209,,0,,0,10110.0,0.0,4.945720716149829e-05,0.9959184,
411,2,20500,COCONUT,10110.0,163,,0,,0,10112.0,120,10113.0,43,,0,10111.0,0.0,9.890707688190902e-05,0.995918,
412,2,20600,COCONUT,10109.0,167,,0,,0,10111.0,126,10112.0,41,,0,10110.0,0.0,-9.890707688194102e-05,0.9959176,
414,2,20700,COCONUT,10110.0,100,10109.0,52,,0,10111.0,100,10112.0,52,,0,10110.5,0.0,4.94547612672972e-05,0.9959172,
416,2,20800,COCONUT,10110.0,124,10109.0,43,,0,10112.0,167,,0,,0,10111.0,0.0,4.94523156146627e-05,0.9959167999999999,
419,2,20900,COCONUT,10111.0,117,10110.0,75,,0,10112.0,117,10113.0,75,,0,10111.5,0.0,4.944987020426092e-05,0.9959163999999999,
420,2,21000,COCONUT,10110.0,124,10109.0,43,,0,10112.0,167,,0,,0,10111.0,0.0,-4.944987020417616e-05,0.995916,
422,2,21100,COCONUT,10108.0,210,,0,,0,10110.0,143,10111.0,67,,0,10109.0,0.0,-0.00019782393734152343,0.9959156,
424,2,21200,COCONUT,10109.0,122,10108.0,78,,0,10111.0,200,,0,,0,10110.0,0.0,9.891686045954437e-05,0.9959152,
427,2,21300,COCONUT,10109.0,195,,0,,0,10111.0,130,10112.0,65,,0,10110.0,0.0,0.0,0.9959148,
429,2,21400,COCONUT,10110.0,114,10109.0,72,,0,10111.0,114,10112.0,72,,0,10110.5,0.0,4.94547612672972e-05,0.9959144,
430,2,21500,COCONUT,10108.0,128,10107.0,46,,0,10109.0,128,10110.0,46,,0,10108.5,0.0,-0.0001978337214028995,0.995914,
433,2,21600,COCONUT,10108.0,216,,0,,0,10110.0,143,10111.0,73,,0,10109.0,0.0,4.9462099676154505e-05,0.9959136,
435,2,21700,COCONUT,10107.0,196,,0,,0,10109.0,119,10110.0,77,,0,10108.0,0.0,-9.892664597278777e-05,0.9959131999999999,
437,2,21800,COCONUT,10108.0,130,10107.0,49,,0,10109.0,130,10110.0,49,,0,10108.5,0.0,4.9464546296609626e-05,0.9959127999999999,
438,2,21900,COCONUT,10109.0,6,10108.0,220,,0,10110.0,144,10111.0,76,,0,10109.5,0.0,9.892175297422918e-05,0.9959124,
441,2,22000,COCONUT,10109.0,108,10108.0,65,,0,10111.0,173,,0,,0,10110.0,0.0,4.945720716149829e-05,0.995912,
443,2,22100,COCONUT,10108.0,221,,0,,0,10110.0,142,10111.0,79,,0,10109.0,0.0,-9.891686045955041e-05,0.9959116,
445,2,22200,COCONUT,10107.0,191,,0,,0,10108.0,5,10109.0,143,10110.0,48,10107.5,0.0,-0.0001483936391316043,0.9959112,
446,2,22300,COCONUT,10107.0,213,,0,,0,10109.0,147,10110.0,66,,0,10108.0,0.0,4.946699315885338e-05,0.9959108,
449,2,22400,COCONUT,10107.0,217,,0,,0,10109.0,150,10110.0,67,,0,10108.0,0.0,0.0,0.9959104,
451,2,22500,COCONUT,10109.0,141,10108.0,70,,0,10110.0,136,10111.0,70,,0,10109.5,0.0,0.00014838629927066527,0.99591,
453,2,22600,COCONUT,10109.0,107,10108.0,40,,0,10110.0,107,10111.0,40,,0,10109.5,0.0,0.0,0.9959096,
454,2,22700,COCONUT,10109.0,10,10108.0,221,,0,10110.0,147,10111.0,74,,0,10109.5,0.0,0.0,0.9959092,
457,2,22800,COCONUT,10109.0,112,10108.0,68,,0,10110.0,112,10111.0,68,,0,10109.5,0.0,0.0,0.9959088,
459,2,22900,COCONUT,10108.0,105,10107.0,79,,0,10109.0,105,10110.0,79,,0,10108.5,0.0,-9.892175297416007e-05,0.9959084,
461,2,23000,COCONUT,10108.0,114,10107.0,78,,0,10109.0,114,10110.0,78,,0,10108.5,0.0,0.0,0.995908,
462,2,23100,COCONUT,10107.0,166,,0,,0,10109.0,107,10110.0,59,,0,10108.0,0.0,-4.946454629658539e-05,0.9959076,
465,2,23200,COCONUT,10109.0,107,10108.0,41,,0,10110.0,107,10111.0,41,,0,10109.5,0.0,0.00014838629927066527,0.9959072,
467,2,23300,COCONUT,10109.0,150,10108.0,80,,0,10110.0,150,10111.0,80,,0,10109.5,0.0,0.0,0.9959068,
469,2,23400,COCONUT,10110.0,131,10109.0,44,,0,10111.0,131,10112.0,44,,0,10110.5,0.0,9.891196842884499e-05,0.9959064,
470,2,23500,COCONUT,10109.0,203,,0,,0,10111.0,129,10112.0,74,,0,10110.0,0.0,-4.945476126723706e-05,0.995906,
473,2,23600,COCONUT,10110.0,110,10109.0,71,,0,10111.0,116,10112.0,71,,0,10110.5,0.0,4.94547612672972e-05,0.9959056000000001,
475,2,23700,COCONUT,10109.0,129,10108.0,60,,0,10111.0,189,,0,,0,10110.0,0.0,-4.945476126723706e-05,0.9959052,
477,2,23800,COCONUT,10110.0,109,10109.0,75,,0,10112.0,184,,0,,0,10111.0,0.0,9.890707688190902e-05,0.9959048,
478,2,23900,COCONUT,10109.0,195,,0,,0,10111.0,127,10112.0,68,,0,10110.0,0.0,-9.890707688194102e-05,0.9959044,
481,2,24000,COCONUT,10110.0,161,,0,,0,10112.0,102,10113.0,59,,0,10111.0,0.0,9.890707688190902e-05,0.995904,
483,2,24100,COCONUT,10110.0,123,10109.0,62,,0,10111.0,123,10112.0,62,,0,10110.5,0.0,-4.945231561473884e-05,0.9959036,
485,2,24200,COCONUT,10110.0,126,10109.0,73,,0,10111.0,126,10112.0,73,,0,10110.5,0.0,0.0,0.9959032,
486,2,24300,COCONUT,10110.0,185,,0,,0,10112.0,114,10113.0,71,,0,10111.0,0.0,4.94523156146627e-05,0.9959028,
489,2,24400,COCONUT,10111.0,160,,0,,0,10113.0,119,10114.0,41,,0,10112.0,0.0,9.889729523954937e-05,0.9959024,
491,2,24500,COCONUT,10111.0,125,10110.0,56,,0,10113.0,181,,0,,0,10112.0,0.0,0.0,0.9959020000000001,
493,2,24600,COCONUT,10112.0,130,10111.0,72,,0,10114.0,202,,0,,0,10113.0,0.0,9.88875155317994e-05,0.9959016,
494,2,24700,COCONUT,10112.0,128,10111.0,59,,0,10114.0,187,,0,,0,10113.0,0.0,0.0,0.9959012,
497,2,24800,COCONUT,10112.0,120,10111.0,51,,0,10113.0,120,10114.0,51,,0,10112.5,0.0,-4.9442535423324165e-05,0.9959008,
499,2,24900,COCONUT,10113.0,149,10112.0,43,,0,10114.0,149,10115.0,43,,0,10113.5,0.0,9.888262640323654e-05,0.9959004,
501,2,25000,COCONUT,10114.0,149,10113.0,55,,0,10116.0,204,,0,,0,10115.0,0.0,0.00014830560869569424,0.9959,
502,2,25100,COCONUT,10114.0,166,,0,,0,10116.0,121,10117.0,45,,0,10115.0,0.0,0.0,0.9958996,
505,2,25200,COCONUT,10113.0,120,10112.0,59,,0,10114.0,120,10115.0,59,,0,10113.5,0.0,-0.00014830560869557127,0.9958992,
506,2,25300,COCONUT,10112.0,213,,0,,0,10114.0,149,10115.0,64,,0,10113.0,0.0,-4.944009097983747e-05,0.9958988000000001,
509,2,25400,COCONUT,10111.0,139,10110.0,75,,0,10112.0,139,10113.0,75,,0,10111.5,0.0,-0.0001483349405671713,0.9958984000000001,
510,2,25500,COCONUT,10112.0,101,10111.0,62,,0,10113.0,101,10114.0,62,,0,10112.5,0.0,9.889240514390367e-05,0.9958980000000001,
512,2,25600,COCONUT,10112.0,127,10111.0,74,,0,10113.0,127,10114.0,74,,0,10112.5,0.0,0.0,0.9958976,
514,2,25700,COCONUT,10112.0,134,10111.0,43,,0,10114.0,177,,0,,0,10113.0,0.0,4.944253542334332e-05,0.9958972,
516,2,25800,COCONUT,10112.0,199,,0,,0,10113.0,6,10114.0,138,10115.0,61,10112.5,0.0,-4.9442535423324165e-05,0.9958968,
519,2,25900,COCONUT,10113.0,196,,0,,0,10115.0,126,10116.0,70,,0,10114.0,0.0,0.0001483202731811527,0.9958964,
520,2,26000,COCONUT,10114.0,149,10113.0,58,,0,10115.0,149,10116.0,58,,0,10114.5,0.0,4.943520281807945e-05,0.995896,
522,2,26100,COCONUT,10113.0,122,10112.0,76,,0,10114.0,122,10115.0,76,,0,10113.5,0.0,-9.887284959610482e-05,0.9958956,
524,2,26200,COCONUT,10113.0,206,,0,,0,10115.0,149,10116.0,57,,0,10114.0,0.0,4.943764677819345e-05,0.9958952000000001,
527,2,26300,COCONUT,10114.0,173,,0,,0,10116.0,127,10117.0,46,,0,10115.0,0.0,9.886796191746444e-05,0.9958948000000001,
528,2,26400,COCONUT,10115.0,100,10114.0,77,,0,10116.0,100,10117.0,77,,0,10115.5,0.0,4.94303156225513e-05,0.9958944000000001,
530,2,26500,COCONUT,10115.0,120,10114.0,70,,0,10116.0,120,10117.0,70,,0,10115.5,0.0,0.0,0.9958940000000001,
532,2,26600,COCONUT,10115.0,110,10114.0,71,,0,10116.0,110,10117.0,71,,0,10115.5,0.0,0.0,0.9958936,
535,2,26700,COCONUT,10115.0,145,10114.0,63,,0,10116.0,145,10117.0,63,,0,10115.5,0.0,0.0,0.9958932,
536,2,26800,COCONUT,10115.0,138,10114.0,79,,0,10116.0,138,10117.0,79,,0,10115.5,0.0,0.0,0.9958927999999999,
538,2,26900,COCONUT,10116.0,131,10115.0,50,,0,10117.0,131,10118.0,50,,0,10116.5,0.0,9.88533017806791e-05,0.9958923999999999,
540,2,27000,COCONUT,10117.0,205,,0,,0,10119.0,147,10120.0,58,,0,10118.0,0.0,0.0001482616326322002,0.995892,
543,2,27100,COCONUT,10117.0,127,10116.0,77,,0,10118.0,127,10119.0,77,,0,10117.5,0.0,-4.941810186078925e-05,0.9958916,
544,2,27200,COCONUT,10117.0,120,10116.0,54,,0,10118.0,120,10119.0,54,,0,10117.5,0.0,0.0,0.9958912,
546,2,27300,COCONUT,10118.0,105,10117.0,74,,0,10119.0,105,10120.0,74,,0,10118.5,0.0,9.883376169351584e-05,0.9958908,
548,2,27400,COCONUT,10116.0,142,10115.0,74,,0,10117.0,142,10118.0,74,,0,10116.5,0.0,-0.0001976772924648396,0.9958904,
551,2,27500,COCONUT,10118.0,129,10117.0,47,,0,10119.0,129,10120.0,47,,0,10118.5,0.0,0.00019767729246472014,0.9958899999999999,
552,2,27600,COCONUT,10118.0,141,10117.0,65,,0,10120.0,206,,0,,0,10119.0,0.0,4.9413218045775096e-05,0.9958895999999999,
554,2,27700,COCONUT,10119.0,123,10118.0,40,,0,10120.0,123,10121.0,40,,0,10119.5,0.0,4.9410776500439194e-05,0.9958891999999999,
556,2,27800,COCONUT,10118.0,162,,0,,0,10120.0,115,10121.0,47,,0,10119.0,0.0,-4.9410776500433996e-05,0.9958887999999999,
559,2,27900,COCONUT,10120.0,10,10119.0,183,,0,10121.0,141,10122.0,42,,0,10120.5,0.0,0.0001482250058299228,0.9958884,
560,2,28000,COCONUT,10120.0,126,10119.0,69,,0,10121.0,133,10122.0,69,,0,10120.5,0.0,0.0,0.995888,
562,2,28100,COCONUT,10120.0,143,10119.0,72,,0,10122.0,215,,0,,0,10121.0,0.0,4.940345331138893e-05,0.9958876,
564,2,28200,COCONUT,10120.0,132,10119.0,76,,0,10122.0,208,,0,,0,10121.0,0.0,0.0,0.9958872,
567,2,28300,COCONUT,10120.0,126,10119.0,47,,0,10122.0,173,,0,,0,10121.0,0.0,0.0,0.9958868,
568,2,28400,COCONUT,10119.0,148,10118.0,78,,0,10120.0,148,10121.0,78,,0,10119.5,0.0,-0.00014821768264083418,0.9958864,
570,2,28500,COCONUT,10119.0,116,10118.0,44,,0,10121.0,160,,0,,0,10120.0,0.0,4.9408335196225857e-05,0.9958859999999999,
572,2,28600,COCONUT,10118.0,128,10117.0,79,,0,10119.0,128,10120.0,79,,0,10118.5,0.0,-0.0001482323297424526,0.9958855999999999,
575,2,28700,COCONUT,10118.0,137,10117.0,70,,0,10119.0,137,10120.0,70,,0,10118.5,0.0,0.0,0.9958852,
576,2,28800,COCONUT,10119.0,141,10118.0,73,,0,10121.0,214,,0,,0,10120.0,0.0,0.00014823232974239212,0.9958848,
578,2,28900,COCONUT,10119.0,125,10118.0,48,,0,10121.0,173,,0,,0,10120.0,0.0,0.0,0.9958844,
580,2,29000,COCONUT,10120.0,125,10119.0,68,,0,10121.0,125,10122.0,68,,0,10120.5,0.0,4.940589413313509e-05,0.995884,
583,2,29100,COCONUT,10120.0,126,10119.0,43,,0,10121.0,126,10122.0,43,,0,10120.5,0.0,0.0,0.9958836,
584,2,29200,COCONUT,10118.0,130,10117.0,74,,0,10119.0,130,10120.0,74,,0,10118.5,0.0,-0.00019763822387574152,0.9958832,
586,2,29300,COCONUT,10120.0,97,10119.0,48,,0,10121.0,102,10122.0,48,,0,10120.5,0.0,0.00019763822387572908,0.9958828,
588,2,29400,COCONUT,10120.0,118,10119.0,40,,0,10121.0,118,10122.0,40,,0,10120.5,0.0,0.0,0.9958824,
591,2,29500,COCONUT,10119.0,132,10118.0,48,,0,10121.0,180,,0,,0,10120.0,0.0,-4.940589413317354e-05,0.9958819999999999,
592,2,29600,COCONUT,10118.0,129,10117.0,73,,0,10120.0,202,,0,,0,10119.0,0.0,-9.881911169665735e-05,0.9958816,
594,2,29700,COCONUT,10118.0,168,,0,,0,10120.0,120,10121.0,48,,0,10119.0,0.0,0.0,0.9958812,
596,2,29800,COCONUT,10116.0,190,,0,,0,10118.0,119,10119.0,71,,0,10117.0,0.0,-0.00019766752386957153,0.9958808,
599,2,29900,COCONUT,10116.0,120,10115.0,78,,0,10117.0,128,10118.0,78,,0,10116.5,0.0,-4.942298664118729e-05,0.9958804,
600,2,30000,COCONUT,10115.0,117,10114.0,61,,0,10116.0,117,10117.0,61,,0,10115.5,0.0,-9.8853301780731e-05,0.99588,
602,2,30100,COCONUT,10117.0,132,10116.0,79,,0,10118.0,132,10119.0,79,,0,10117.5,0.0,0.00019769683255219583,0.9958796,
605,2,30200,COCONUT,10116.0,108,10115.0,46,,0,10118.0,162,,0,,0,10117.0,0.0,-4.942054413029808e-05,0.9958792,
607,2,30300,COCONUT,10116.0,200,,0,,0,10118.0,128,10119.0,72,,0,10117.0,0.0,0.0,0.9958788,
609,2,30400,COCONUT,10117.0,162,,0,,0,10119.0,105,10120.0,57,,0,10118.0,0.0,9.883864599110454e-05,0.9958784,
610,2,30500,COCONUT,10118.0,147,10117.0,74,,0,10119.0,147,10120.0,74,,0,10118.5,0.0,4.9415659832677626e-05,0.995878,
613,2,30600,COCONUT,10118.0,102,10117.0,48,,0,10119.0,102,10120.0,48,,0,10118.5,0.0,0.0,0.9958776,
615,2,30700,COCONUT,10117.0,149,10116.0,65,,0,10119.0,214,,0,,0,10118.0,0.0,-4.94156598326608e-05,0.9958772,
617,2,30800,COCONUT,10117.0,158,,0,,0,10119.0,105,10120.0,53,,0,10118.0,0.0,0.0,0.9958768,
618,2,30900,COCONUT,10118.0,137,10117.0,49,,0,10120.0,186,,0,,0,10119.0,0.0,9.882887787858056e-05,0.9958764,
621,2,31000,COCONUT,10118.0,138,10117.0,58,,0,10119.0,138,10120.0,58,,0,10118.5,0.0,-4.941321804591272e-05,0.995876,
623,2,31100,COCONUT,10117.0,131,10116.0,42,,0,10118.0,131,10119.0,42,,0,10117.5,0.0,-9.883376169343323e-05,0.9958756,
625,2,31200,COCONUT,10115.0,106,10114.0,46,,0,10117.0,152,,0,,0,10116.0,0.0,-0.00014826896016490606,0.9958752,
626,2,31300,COCONUT,10114.0,132,10113.0,57,,0,10115.0,132,10116.0,57,,0,10114.5,0.0,-0.0001482909471094269,0.9958748000000001,
629,2,31400,COCONUT,10115.0,139,10114.0,67,,0,10117.0,206,,0,,0,10116.0,0.0,0.00014829094710949327,0.9958744,
631,2,31500,COCONUT,10115.0,135,10114.0,79,,0,10117.0,214,,0,,0,10116.0,0.0,0.0,0.995874,
633,2,31600,COCONUT,10113.0,210,,0,,0,10115.0,148,10116.0,62,,0,10114.0,0.0,-0.00019772614992744628,0.9958736,
634,2,31700,COCONUT,10111.0,116,10110.0,70,,0,10112.0,116,10113.0,70,,0,10111.5,0.0,-0.0002472126783251125,0.9958732,
637,2,31800,COCONUT,10112.0,134,10111.0,71,,0,10113.0,134,10114.0,71,,0,10112.5,0.0,9.889240514390367e-05,0.9958728,
639,2,31900,COCONUT,10112.0,127,10111.0,62,,0,10113.0,127,10114.0,62,,0,10112.5,0.0,0.0,0.9958724,
641,2,32000,COCONUT,10112.0,136,10111.0,65,,0,10114.0,201,,0,,0,10113.0,0.0,4.944253542334332e-05,0.995872,
642,2,32100,COCONUT,10111.0,148,10110.0,40,,0,10113.0,188,,0,,0,10112.0,0.0,-9.888751553171831e-05,0.9958716,
645,2,32200,COCONUT,10110.0,162,,0,,0,10112.0,118,10113.0,44,,0,10111.0,0.0,-9.889729523962642e-05,0.9958712000000001,
647,2,32300,COCONUT,10111.0,148,10110.0,70,,0,10112.0,148,10113.0,70,,0,10111.5,0.0,4.944987020426092e-05,0.9958708000000001,
649,2,32400,COCONUT,10111.0,113,10110.0,62,,0,10112.0,104,10113.0,62,,0,10111.5,0.0,0.0,0.9958704,
650,2,32500,COCONUT,10110.0,116,10109.0,45,,0,10112.0,161,,0,,0,10111.0,0.0,-4.944987020417616e-05,0.99587,
653,2,32600,COCONUT,10111.0,117,10110.0,59,,0,10112.0,117,10113.0,59,,0,10111.5,0.0,4.944987020426092e-05,0.9958696,
655,2,32700,COCONUT,10108.0,126,10107.0,64,,0,10110.0,180,,0,,0,10109.0,0.0,-0.0002472738075456936,0.9958692,
657,2,32800,COCONUT,10107.0,95,10106.0,40,,0,10108.0,103,10109.0,40,,0,10107.5,0.0,-0.0001483936391316043,0.9958688,
658,2,32900,COCONUT,10107.0,143,10106.0,54,,0,10108.0,143,10109.0,54,,0,10107.5,0.0,0.0,0.9958684,
661,2,33000,COCONUT,10107.0,110,10106.0,65,,0,10109.0,175,,0,,0,10108.0,0.0,4.946699315885338e-05,0.9958680000000001,
663,2,33100,COCONUT,10106.0,119,10105.0,52,,0,10107.0,119,10108.0,52,,0,10106.5,0.0,-0.00014840832103224462,0.9958676000000001,
665,2,33200,COCONUT,10108.0,7,10107.0,202,,0,10109.0,122,10110.0,80,,0,10108.5,0.0,0.00019787286732886482,0.9958672000000001,
666,2,33300,COCONUT,10108.0,123,10107.0,66,,0,10109.0,114,10110.0,66,,0,10108.5,0.0,0.0,0.9958668,
669,2,33400,COCONUT,10108.0,144,10107.0,79,,0,10109.0,144,10110.0,79,,0,10108.5,0.0,0.0,0.9958664,
671,2,33500,COCONUT,10107.0,100,10106.0,40,,0,10108.0,100,10109.0,40,,0,10107.5,0.0,-9.89315394554335e-05,0.995866,
673,2,33600,COCONUT,10107.0,114,10106.0,69,,0,10108.0,114,10109.0,69,,0,10107.5,0.0,0.0,0.9958656,
674,2,33700,COCONUT,10106.0,129,10105.0,54,,0,10107.0,129,10108.0,54,,0,10106.5,0.0,-9.894132787333426e-05,0.9958652,
677,2,33800,COCONUT,10105.0,144,10104.0,44,,0,10106.0,144,10107.0,44,,0,10105.5,0.0,-9.895111822841761e-05,0.9958648,
679,2,33900,COCONUT,10105.0,135,10104.0,64,,0,10106.0,135,10107.0,64,,0,10105.5,0.0,0.0,0.9958644000000001,
681,2,34000,COCONUT,10105.0,148,10104.0,61,,0,10106.0,148,10107.0,61,,0,10105.5,0.0,0.0,0.9958640000000001,
682,2,34100,COCONUT,10105.0,111,10104.0,46,,0,10106.0,104,10107.0,46,,0,10105.5,0.0,0.0,0.9958636000000001,
684,2,34200,COCONUT,10106.0,141,10105.0,63,,0,10107.0,141,10108.0,63,,0,10106.5,0.0,9.895111822847377e-05,0.9958632000000001,
686,2,34300,COCONUT,10104.0,174,,0,,0,10106.0,102,10107.0,72,,0,10105.0,0.0,-0.00014843034933122748,0.9958628,
689,2,34400,COCONUT,10104.0,104,10103.0,60,,0,10106.0,164,,0,,0,10105.0,0.0,0.0,0.9958623999999999,
690,2,34500,COCONUT,10104.0,125,10103.0,79,,0,10105.0,125,10106.0,79,,0,10104.5,0.0,-4.9481679418348184e-05,0.9958619999999999,
692,2,34600,COCONUT,10104.0,153,,0,,0,10106.0,112,10107.0,41,,0,10105.0,0.0,4.948167941831423e-05,0.9958615999999999,
694,2,34700,COCONUT,10106.0,115,10105.0,50,,0,10107.0,107,10108.0,50,,0,10106.5,0.0,0.00014843034933115394,0.9958612,
696,2,34800,COCONUT,10106.0,113,10105.0,52,,0,10107.0,113,10108.0,52,,0,10106.5,0.0,0.0,0.9958608,
699,2,34900,COCONUT,10105.0,144,10104.0,47,,0,10106.0,144,10107.0,47,,0,10105.5,0.0,-9.895111822841761e-05,0.9958604,
700,2,35000,COCONUT,10106.0,125,10105.0,60,,0,10107.0,125,10108.0,60,,0,10106.5,0.0,9.895111822847377e-05,0.99586,
702,2,35100,COCONUT,10107.0,183,,0,,0,10109.0,122,10110.0,61,,0,10108.0,0.0,0.00014840832103225256,0.9958596,
704,2,35200,COCONUT,10108.0,131,10107.0,44,,0,10109.0,124,10110.0,44,,0,10108.5,0.0,4.9464546296609626e-05,0.9958591999999999,
707,2,35300,COCONUT,10107.0,123,10106.0,40,,0,10109.0,163,,0,,0,10108.0,0.0,-4.946454629658539e-05,0.9958587999999999,
708,2,35400,COCONUT,10107.0,205,,0,,0,10108.0,7,10109.0,131,10110.0,74,10107.5,0.0,-4.9466993158872366e-05,0.9958583999999999,
710,2,35500,COCONUT,10107.0,120,10106.0,60,,0,10109.0,180,,0,,0,10108.0,0.0,4.946699315885338e-05,0.9958579999999999,
712,2,35600,COCONUT,10108.0,125,10107.0,57,,0,10109.0,125,10110.0,57,,0,10108.5,0.0,4.9464546296609626e-05,0.9958576,
715,2,35700,COCONUT,10106.0,215,,0,,0,10108.0,136,10109.0,79,,0,10107.0,0.0,-0.00014840097971885623,0.9958572,
716,2,35800,COCONUT,10107.0,137,10106.0,64,,0,10108.0,137,10109.0,64,,0,10107.5,0.0,4.946944026332982e-05,0.9958568,
718,2,35900,COCONUT,10106.0,133,10105.0,66,,0,10108.0,133,10109.0,66,,0,10107.0,0.0,-4.946944026331695e-05,0.9958564,
720,2,36000,COCONUT,10108.0,114,10107.0,62,,0,10109.0,114,10110.0,62,,0,10108.5,0.0,0.00014840097971891055,0.995856,
723,2,36100,COCONUT,10107.0,150,10106.0,59,,0,10108.0,150,10109.0,59,,0,10107.5,0.0,-9.89315394554335e-05,0.9958556,
724,2,36200,COCONUT,10106.0,209,,0,,0,10108.0,138,10109.0,71,,0,10107.0,0.0,-4.946944026331695e-05,0.9958551999999999,
726,2,36300,COCONUT,10107.0,104,10106.0,40,,0,10108.0,104,10109.0,40,,0,10107.5,0.0,4.946944026332982e-05,0.9958547999999999,
728,2,36400,COCONUT,10108.0,9,10107.0,170,,0,10109.0,116,10110.0,54,,0,10108.5,0.0,9.8931539455333e-05,0.9958544,
731,2,36500,COCONUT,10107.0,127,10106.0,53,,0,10108.0,127,10109.0,53,,0,10107.5,0.0,-9.89315394554335e-05,0.995854,
732,2,36600,COCONUT,10107.0,119,10106.0,43,,0,10109.0,162,,0,,0,10108.0,0.0,4.946699315885338e-05,0.9958536,
734,2,36700,COCONUT,10107.0,197,,0,,0,10109.0,144,10110.0,53,,0,10108.0,0.0,0.0,0.9958532,
736,2,36800,COCONUT,10109.0,126,10108.0,46,,0,10111.0,162,,0,,0,10110.0,0.0,0.00019784350643233336,0.9958528,
739,2,36900,COCONUT,10107.0,181,,0,,0,10109.0,118,10110.0,63,,0,10108.0,0.0,-0.00019784350643223318,0.9958524,
740,2,37000,COCONUT,10109.0,176,,0,,0,10111.0,111,10112.0,65,,0,10110.0,0.0,0.00019784350643233336,0.995852,
742,2,37100,COCONUT,10109.0,105,10108.0,59,,0,10110.0,105,10111.0,59,,0,10109.5,0.0,-4.9457207161559795e-05,0.9958516,
744,2,37200,COCONUT,10109.0,140,10108.0,48,,0,10110.0,140,10111.0,48,,0,10109.5,0.0,0.0,0.9958511999999999,
747,2,37300,COCONUT,10109.0,136,10108.0,56,,0,10110.0,136,10111.0,56,,0,10109.5,0.0,0.0,0.9958508,
748,2,37400,COCONUT,10108.0,114,10107.0,68,,0,10110.0,182,,0,,0,10109.0,0.0,-4.94596532979291e-05,0.9958504,
750,2,37500,COCONUT,10107.0,100,10106.0,62,,0,10108.0,100,10109.0,62,,0,10107.5,0.0,-0.0001483936391316043,0.99585,
752,2,37600,COCONUT,10107.0,102,10106.0,44,,0,10109.0,146,,0,,0,10108.0,0.0,4.946699315885338e-05,0.9958496,
755,2,37700,COCONUT,10107.0,106,10106.0,70,,0,10108.0,106,10109.0,70,,0,10107.5,0.0,-4.9466993158872366e-05,0.9958492,
756,2,37800,COCONUT,10108.0,141,10107.0,57,,0,10109.0,141,10110.0,57,,0,10108.5,0.0,9.8931539455333e-05,0.9958488,
758,2,37900,COCONUT,10108.0,148,10107.0,43,,0,10110.0,191,,0,,0,10109.0,0.0,4.9462099676154505e-05,0.9958484,
760,2,38000,COCONUT,10109.0,139,10108.0,44,,0,10110.0,139,10111.0,44,,0,10109.5,0.0,4.9459653297932084e-05,0.995848,
763,2,38100,COCONUT,10108.0,118,10107.0,79,,0,10109.0,118,10110.0,79,,0,10108.5,0.0,-9.892175297416007e-05,0.9958476,
764,2,38200,COCONUT,10108.0,160,,0,,0,10110.0,119,10111.0,41,,0,10109.0,0.0,4.9462099676154505e-05,0.9958472,
766,2,38300,COCONUT,10108.0,147,10107.0,72,,0,10109.0,147,10110.0,72,,0,10108.5,0.0,-4.946209967623396e-05,0.9958468,
768,2,38400,COCONUT,10108.0,105,10107.0,66,,0,10109.0,105,10110.0,66,,0,10108.5,0.0,0.0,0.9958464,
771,2,38500,COCONUT,10107.0,137,10106.0,41,,0,10109.0,137,10110.0,41,,0,10108.0,0.0,-4.946454629658539e-05,0.995846,
772,2,38600,COCONUT,10106.0,194,,0,,0,10108.0,136,10109.0,58,,0,10107.0,0.0,-9.893643342231935e-05,0.9958456,
774,2,38700,COCONUT,10107.0,138,10106.0,63,,0,10109.0,201,,0,,0,10108.0,0.0,9.893643342219606e-05,0.9958452,
776,2,38800,COCONUT,10107.0,176,,0,,0,10109.0,109,10110.0,67,,0,10108.0,0.0,0.0,0.9958448,
779,2,38900,COCONUT,10107.0,145,10106.0,53,,0,10108.0,145,10109.0,53,,0,10107.5,0.0,-4.9466993158872366e-05,0.9958444,
780,2,39000,COCONUT,10108.0,7,10107.0,211,,0,10109.0,146,10110.0,65,,0,10108.5,0.0,9.8931539455333e-05,0.9958440000000001,
782,2,39100,COCONUT,10109.0,191,,0,,0,10111.0,149,10112.0,42,,0,10110.0,0.0,0.000148378960135762,0.9958436,
785,2,39200,COCONUT,10110.0,132,10109.0,50,,0,10111.0,132,10112.0,50,,0,10110.5,0.0,4.94547612672972e-05,0.9958432,
787,2,39300,COCONUT,10109.0,118,10108.0,53,,0,10110.0,118,10111.0,53,,0,10109.5,0.0,-9.891196842884774e-05,0.9958428,
789,2,39400,COCONUT,10111.0,141,10110.0,64,,0,10112.0,141,10113.0,64,,0,10111.5,0.0,0.00019781415424780074,0.9958424,
790,2,39500,COCONUT,10110.0,201,,0,,0,10112.0,149,10113.0,52,,0,10111.0,0.0,-4.944987020417616e-05,0.995842,
793,2,39600,COCONUT,10111.0,104,10110.0,64,,0,10112.0,104,10113.0,64,,0,10111.5,0.0,4.944987020426092e-05,0.9958416,
795,2,39700,COCONUT,10110.0,160,,0,,0,10112.0,118,10113.0,44,,0,10111.0,0.0,-4.944987020417616e-05,0.9958412,
797,2,39800,COCONUT,10111.0,124,10110.0,51,,0,10112.0,124,10113.0,51,,0,10111.5,0.0,4.944987020426092e-05,0.9958408,
798,2,39900,COCONUT,10111.0,140,10110.0,73,,0,10112.0,131,10113.0,73,,0,10111.5,0.0,0.0,0.9958404000000001,
801,2,40000,COCONUT,10110.0,107,10109.0,79,,0,10112.0,186,,0,,0,10111.0,0.0,-4.944987020417616e-05,0.9958400000000001,
803,2,40100,COCONUT,10111.0,134,10110.0,68,,0,10113.0,202,,0,,0,10112.0,0.0,9.889729523954937e-05,0.9958396,
805,2,40200,COCONUT,10110.0,101,10109.0,71,,0,10112.0,172,,0,,0,10111.0,0.0,-9.889729523962642e-05,0.9958392,
806,2,40300,COCONUT,10109.0,103,10108.0,53,,0,10111.0,156,,0,,0,10110.0,0.0,-9.890707688194102e-05,0.9958388,
809,2,40400,COCONUT,10108.0,213,,0,,0,10110.0,141,10111.0,72,,0,10109.0,0.0,-9.891686045955041e-05,0.9958384,
811,2,40500,COCONUT,10109.0,144,10108.0,57,,0,10111.0,201,,0,,0,10110.0,0.0,9.891686045954437e-05,0.995838,
813,2,40600,COCONUT,10108.0,130,10107.0,79,,0,10110.0,209,,0,,0,10109.0,0.0,-9.891686045955041e-05,0.9958376,
814,2,40700,COCONUT,10107.0,108,10106.0,54,,0,10108.0,108,10109.0,54,,0,10107.5,0.0,-0.0001483936391316043,0.9958372000000001,
817,2,40800,COCONUT,10106.0,160,,0,,0,10108.0,115,10109.0,45,,0,10107.0,0.0,-4.946944026331695e-05,0.9958368000000001,
819,2,40900,COCONUT,10107.0,125,10106.0,78,,0,10108.0,125,10109.0,78,,0,10107.5,0.0,4.946944026332982e-05,0.9958364000000001,
821,2,41000,COCONUT,10107.0,113,10106.0,66,,0,10108.0,113,10109.0,66,,0,10107.5,0.0,0.0,0.995836,
822,2,41100,COCONUT,10106.0,126,10105.0,40,,0,10107.0,126,10108.0,40,,0,10106.5,0.0,-9.894132787333426e-05,0.9958356,
825,2,41200,COCONUT,10106.0,125,10105.0,43,,0,10107.0,125,10108.0,43,,0,10106.5,0.0,0.0,0.9958352,
827,2,41300,COCONUT,10105.0,161,,0,,0,10107.0,109,10108.0,52,,0,10106.0,0.0,-4.947433519867896e-05,0.9958348,
829,2,41400,COCONUT,10105.0,100,10104.0,65,,0,10107.0,165,,0,,0,10106.0,0.0,0.0,0.9958344,
830,2,41500,COCONUT,10105.0,107,10104.0,52,,0,10106.0,107,10107.0,52,,0,10105.5,0.0,-4.947678302970741e-05,0.995834,
833,2,41600,COCONUT,10103.0,215,,0,,0,10105.0,135,10106.0,80,,0,10104.0,0.0,-0.00014844503849723028,0.9958336000000001,
835,2,41700,COCONUT,10102.0,158,,0,,0,10104.0,101,10105.0,57,,0,10103.0,0.0,-9.897560259482538e-05,0.9958332000000001,
837,2,41800,COCONUT,10104.0,122,10103.0,49,,0,10106.0,171,,0,,0,10105.0,0.0,0.0001979414099891362,0.9958328000000001,
838,2,41900,COCONUT,10105.0,109,10104.0,70,,0,10106.0,101,10107.0,70,,0,10105.5,0.0,4.947923110289638e-05,0.9958324000000001,
841,2,42000,COCONUT,10106.0,116,10105.0,54,,0,10107.0,116,10108.0,54,,0,10106.5,0.0,9.895111822847377e-05,0.9958319999999999,
843,2,42100,COCONUT,10108.0,112,10107.0,46,,0,10110.0,158,,0,,0,10109.0,0.0,0.00024733496700493526,0.9958315999999999,
845,2,42200,COCONUT,10109.0,129,10108.0,54,,0,10111.0,183,,0,,0,10110.0,0.0,9.891686045954437e-05,0.9958311999999999,
846,2,42300,COCONUT,10109.0,119,10108.0,58,,0,10111.0,177,,0,,0,10110.0,0.0,0.0,0.9958307999999999,
849,2,42400,COCONUT,10109.0,116,10108.0,74,,0,10110.0,116,10111.0,74,,0,10109.5,0.0,-4.9457207161559795e-05,0.9958304,
851,2,42500,COCONUT,10109.0,143,,0,,0,10111.0,102,10112.0,41,,0,10110.0,0.0,4.945720716149829e-05,0.99583,
853,2,42600,COCONUT,10109.0,124,10108.0,64,,0,10111.0,188,,0,,0,10110.0,0.0,0.0,0.9958296,
854,2,42700,COCONUT,10110.0,147,10109.0,58,,0,10111.0,147,10112.0,58,,0,10110.5,0.0,4.94547612672972e-05,0.9958292,
857,2,42800,COCONUT,10109.0,117,10108.0,48,,0,10111.0,165,,0,,0,10110.0,0.0,-4.945476126723706e-05,0.9958288,
859,2,42900,COCONUT,10108.0,116,10107.0,51,,0,10109.0,116,10110.0,51,,0,10108.5,0.0,-0.00014837896013573186,0.9958284,
861,2,43000,COCONUT,10108.0,182,,0,,0,10110.0,135,10111.0,47,,0,10109.0,0.0,4.9462099676154505e-05,0.9958279999999999,
862,2,43100,COCONUT,10110.0,149,10109.0,47,,0,10111.0,149,10112.0,47,,0,10110.5,0.0,0.00014837162172678305,0.9958275999999999,
864,2,43200,COCONUT,10109.0,177,,0,,0,10111.0,114,10112.0,63,,0,10110.0,0.0,-4.945476126723706e-05,0.9958271999999999,
866,2,43300,COCONUT,10110.0,177,,0,,0,10112.0,107,10113.0,70,,0,10111.0,0.0,9.890707688190902e-05,0.9958268,
869,2,43400,COCONUT,10111.0,111,10110.0,52,,0,10112.0,119,10113.0,52,,0,10111.5,0.0,4.944987020426092e-05,0.9958264,
871,2,43500,COCONUT,10111.0,126,10110.0,71,,0,10112.0,133,10113.0,71,,0,10111.5,0.0,0.0,0.995826,
872,2,43600,COCONUT,10112.0,150,10111.0,61,,0,10113.0,150,10114.0,61,,0,10112.5,0.0,9.889240514390367e-05,0.9958256,
874,2,43700,COCONUT,10111.0,108,10110.0,73,,0,10112.0,108,10113.0,73,,0,10111.5,0.0,-9.889240514388544e-05,0.9958252,
876,2,43800,COCONUT,10112.0,146,10111.0,66,,0,10113.0,146,10114.0,66,,0,10112.5,0.0,9.889240514390367e-05,0.9958248,
879,2,43900,COCONUT,10113.0,133,10112.0,74,,0,10114.0,133,10115.0,74,,0,10113.5,0.0,9.888262640323654e-05,0.9958243999999999,
880,2,44000,COCONUT,10112.0,213,,0,,0,10114.0,140,10115.0,73,,0,10113.0,0.0,-4.944009097983747e-05,0.9958239999999999,
882,2,44100,COCONUT,10113.0,105,10112.0,69,,0,10114.0,105,10115.0,69,,0,10113.5,0.0,4.944009097987406e-05,0.9958236,
884,2,44200,COCONUT,10113.0,138,10112.0,48,,0,10114.0,138,10115.0,48,,0,10113.5,0.0,0.0,0.9958232,
887,2,44300,COCONUT,10112.0,123,10111.0,51,,0,10114.0,174,,0,,0,10113.0,0.0,-4.944009097983747e-05,0.9958228,
888,2,44400,COCONUT,10113.0,9,10112.0,185,,0,10114.0,108,10115.0,77,,0,10113.5,0.0,4.944009097987406e-05,0.9958224,
890,2,44500,COCONUT,10113.0,145,10112.0,48,,0,10115.0,193,,0,,0,10114.0,0.0,4.943764677819345e-05,0.995822,
892,2,44600,COCONUT,10112.0,150,10111.0,46,,0,10113.0,150,10114.0,46,,0,10112.5,0.0,-0.00014832027318126395,0.9958216,
895,2,44700,COCONUT,10112.0,131,10111.0,48,,0,10113.0,131,10114.0,48,,0,10112.5,0.0,0.0,0.9958212,
896,2,44800,COCONUT,10113.0,124,10112.0,54,,0,10114.0,121,10115.0,54,,0,10113.5,0.0,9.888262640323654e-05,0.9958208,
898,2,44900,COCONUT,10113.0,104,10112.0,49,,0,10114.0,104,10115.0,49,,0,10113.5,0.0,0.0,0.9958203999999999,
900,2,45000,COCONUT,10113.0,109,10112.0,62,,0,10114.0,109,10115.0,62,,0,10113.5,0.0,0.0,0.99582,
903,2,45100,COCONUT,10113.0,118,10112.0,78,,0,10115.0,196,,0,,0,10114.0,0.0,4.943764677819345e-05,0.9958196,
904,2,45200,COCONUT,10113.0,118,10112.0,48,,0,10114.0,118,10115.0,48,,0,10113.5,0.0,-4.943764677806425e-05,0.9958192,
906,2,45300,COCONUT,10113.0,211,,0,,0,10115.0,146,10116.0,65,,0,10114.0,0.0,4.943764677819345e-05,0.9958188,
908,2,45400,COCONUT,10114.0,148,10113.0,70,,0,10115.0,148,10116.0,70,,0,10114.5,0.0,4.943520281807945e-05,0.9958184,
911,2,45500,COCONUT,10114.0,131,10113.0,40,,0,10115.0,131,10116.0,40,,0,10114.5,0.0,0.0,0.995818,
912,2,45600,COCONUT,10113.0,156,10112.0,55,,0,10115.0,201,,0,,0,10114.0,0.0,-4.943520281800451e-05,0.9958176,
914,2,45700,COCONUT,10114.0,101,10113.0,46,,0,10115.0,101,10116.0,46,,0,10114.5,0.0,4.943520281807945e-05,0.9958172,
916,2,45800,COCONUT,10113.0,115,10112.0,52,,0,10114.0,115,10115.0,52,,0,10113.5,0.0,-9.887284959610482e-05,0.9958168,
919,2,45900,COCONUT,10113.0,131,10112.0,77,,0,10114.0,131,10115.0,77,,0,10113.5,0.0,0.0,0.9958164,
920,2,46000,COCONUT,10112.0,201,,0,,0,10114.0,144,10115.0,57,,0,10113.0,0.0,-4.944009097983747e-05,0.995816,
922,2,46100,COCONUT,10111.0,110,10110.0,77,,0,10113.0,187,,0,,0,10112.0,0.0,-9.888751553171831e-05,0.9958156,
924,2,46200,COCONUT,10110.0,140,10109.0,47,,0,10111.0,140,10112.0,47,,0,10110.5,0.0,-0.00014834961085429275,0.9958152,
927,2,46300,COCONUT,10110.0,207,,0,,0,10112.0,146,10113.0,61,,0,10111.0,0.0,4.94523156146627e-05,0.9958148,
928,2,46400,COCONUT,10110.0,181,,0,,0,10112.0,137,10113.0,44,,0,10111.0,0.0,0.0,0.9958144,
930,2,46500,COCONUT,10111.0,119,10110.0,48,,0,10113.0,167,,0,,0,10112.0,0.0,9.889729523954937e-05,0.995814,
932,2,46600,COCONUT,10111.0,169,,0,,0,10113.0,116,10114.0,53,,0,10112.0,0.0,0.0,0.9958136,
935,2,46700,COCONUT,10112.0,114,10111.0,40,,0,10113.0,114,10114.0,40,,0,10112.5,0.0,4.944498010837919e-05,0.9958132000000001,
936,2,46800,COCONUT,10112.0,205,,0,,0,10114.0,128,10115.0,77,,0,10113.0,0.0,4.944253542334332e-05,0.9958128,
938,2,46900,COCONUT,10112.0,192,,0,,0,10114.0,113,10115.0,79,,0,10113.0,0.0,0.0,0.9958124,
940,2,47000,COCONUT,10110.0,186,,0,,0,10112.0,108,10113.0,78,,0,10111.0,0.0,-0.00019778481077137468,0.995812,
943,2,47100,COCONUT,10111.0,138,10110.0,80,,0,10113.0,218,,0,,0,10112.0,0.0,9.889729523954937e-05,0.9958116,
944,2,47200,COCONUT,10111.0,109,10110.0,58,,0,10112.0,109,10113.0,58,,0,10111.5,0.0,-4.9447425035437994e-05,0.9958112,
946,2,47300,COCONUT,10111.0,101,10110.0,46,,0,10112.0,101,10113.0,46,,0,10111.5,0.0,0.0,0.9958108,
948,2,47400,COCONUT,10110.0,111,10109.0,73,,0,10111.0,102,10112.0,73,,0,10110.5,0.0,-9.890218581894127e-05,0.9958104,
951,2,47500,COCONUT,10108.0,118,10107.0,65,,0,10109.0,118,10110.0,65,,0,10108.5,0.0,-0.0001978337214028995,0.99581,
952,2,47600,COCONUT,10107.0,101,10106.0,46,,0,10109.0,147,,0,,0,10108.0,0.0,-4.946454629658539e-05,0.9958096000000001,
954,2,47700,COCONUT,10106.0,122,10105.0,65,,0,10108.0,187,,0,,0,10107.0,0.0,-9.893643342231935e-05,0.9958092000000001,
956,2,47800,COCONUT,10106.0,136,10105.0,75,,0,10108.0,211,,0,,0,10107.0,0.0,0.0,0.9958088,
959,2,47900,COCONUT,10106.0,110,10105.0,70,,0,10107.0,110,10108.0,70,,0,10106.5,0.0,-4.947188760991915e-05,0.9958084,
961,2,48000,COCONUT,10106.0,129,10105.0,76,,0,10107.0,129,10108.0,76,,0,10106.5,0.0,0.0,0.995808,
962,2,48100,COCONUT,10106.0,196,,0,,0,10108.0,133,10109.0,63,,0,10107.0,0.0,4.947188761003895e-05,0.9958076,
965,2,48200,COCONUT,10104.0,186,,0,,0,10106.0,116,10107.0,70,,0,10105.0,0.0,-0.00019790223694123133,0.9958072,
967,2,48300,COCONUT,10105.0,133,10104.0,43,,0,10107.0,184,,0,,0,10106.0,0.0,9.89560141326105e-05,0.9958068,
969,2,48400,COCONUT,10106.0,142,10105.0,64,,0,10108.0,142,10109.0,64,,0,10107.0,0.0,9.894622280876644e-05,0.9958064000000001,
970,2,48500,COCONUT,10108.0,144,10107.0,66,,0,10109.0,143,10110.0,66,,0,10108.5,0.0,0.00014840097971891055,0.9958060000000001,
973,2,48600,COCONUT,10107.0,208,,0,,0,10109.0,129,10110.0,79,,0,10108.0,0.0,-4.946454629658539e-05,0.9958056000000001,
975,2,48700,COCONUT,10105.0,155,,0,,0,10107.0,104,10108.0,51,,0,10106.0,0.0,-0.00019788265623092092,0.9958052000000001,
977,2,48800,COCONUT,10107.0,128,10106.0,54,,0,10108.0,135,10109.0,54,,0,10107.5,0.0,0.0001484156630719628,0.9958048,
978,2,48900,COCONUT,10108.0,163,,0,,0,10110.0,114,10111.0,49,,0,10109.0,0.0,0.00014839363913171478,0.9958044,
981,2,49000,COCONUT,10108.0,139,10107.0,48,,0,10110.0,187,,0,,0,10109.0,0.0,0.0,0.995804,
983,2,49100,COCONUT,10108.0,101,10107.0,47,,0,10110.0,148,,0,,0,10109.0,0.0,0.0,0.9958036,
985,2,49200,COCONUT,10108.0,117,10107.0,45,,0,10109.0,117,10110.0,45,,0,10108.5,0.0,-4.946209967623396e-05,0.9958032,
986,2,49300,COCONUT,10108.0,95,10107.0,43,,0,10109.0,100,10110.0,43,,0,10108.5,0.0,0.0,0.9958028000000001,
989,2,49400,COCONUT,10108.0,101,10107.0,52,,0,10109.0,101,10110.0,52,,0,10108.5,0.0,0.0,0.9958024000000001,
991,2,49500,COCONUT,10108.0,133,10107.0,64,,0,10109.0,127,10110.0,64,,0,10108.5,0.0,0.0,0.9958020000000001,
993,2,49600,COCONUT,10108.0,133,10107.0,64,,0,10110.0,204,,0,,0,10109.0,0.0,4.9462099676154505e-05,0.9958016,
994,2,49700,COCONUT,10107.0,113,10106.0,62,,0,10108.0,113,10109.0,62,,0,10107.5,0.0,-0.0001483936391316043,0.9958011999999999,
997,2,49800,COCONUT,10106.0,101,10105.0,50,,0,10108.0,151,,0,,0,10107.0,0.0,-4.946944026331695e-05,0.9958007999999999,
999,2,49900,COCONUT,10107.0,219,,0,,0,10109.0,148,10110.0,71,,0,10108.0,0.0,9.893643342219606e-05,0.9958003999999999,
1001,2,50000,COCONUT,10108.0,108,10107.0,69,,0,10110.0,180,,0,,0,10109.0,0.0,9.892664597267736e-05,0.9957999999999999,
1002,2,50100,COCONUT,10109.0,141,10108.0,58,,0,10111.0,199,,0,,0,10110.0,0.0,9.891686045954437e-05,0.9957996,
1005,2,50200,COCONUT,10109.0,106,10108.0,46,,0,10110.0,106,10111.0,46,,0,10109.5,0.0,-4.9457207161559795e-05,0.9957992,
1007,2,50300,COCONUT,10108.0,137,10107.0,44,,0,10109.0,137,10110.0,44,,0,10108.5,0.0,-9.892175297416007e-05,0.9957988,
1009,2,50400,COCONUT,10109.0,118,10108.0,61,,0,10111.0,179,,0,,0,10110.0,0.0,0.000148378960135762,0.9957984,
1010,2,50500,COCONUT,10110.0,227,,0,,0,10112.0,148,10113.0,79,,0,10111.0,0.0,9.890707688190902e-05,0.995798,
1013,2,50600,COCONUT,10110.0,133,10109.0,40,,0,10112.0,168,,0,,0,10111.0,0.0,0.0,0.9957976,
1015,2,50700,COCONUT,10109.0,189,,0,,0,10111.0,149,10112.0,40,,0,10110.0,0.0,-9.890707688194102e-05,0.9957971999999999,
1017,2,50800,COCONUT,10110.0,142,10109.0,67,,0,10111.0,150,10112.0,67,,0,10110.5,0.0,4.94547612672972e-05,0.9957967999999999,
1018,2,50900,COCONUT,10109.0,149,10108.0,66,,0,10110.0,149,10111.0,66,,0,10109.5,0.0,-9.891196842884774e-05,0.9957963999999999,
1021,2,51000,COCONUT,10108.0,183,,0,,0,10110.0,139,10111.0,44,,0,10109.0,0.0,-4.94596532979291e-05,0.995796,
1023,2,51100,COCONUT,10107.0,140,10106.0,63,,0,10109.0,203,,0,,0,10108.0,0.0,-9.892664597278777e-05,0.9957956,
1025,2,51200,COCONUT,10107.0,150,10106.0,79,,0,10108.0,150,10109.0,79,,0,10107.5,0.0,-4.9466993158872366e-05,0.9957952,
1026,2,51300,COCONUT,10108.0,104,10107.0,76,,0,10110.0,180,,0,,0,10109.0,0.0,0.00014839363913171478,0.9957948,
1029,2,51400,COCONUT,10109.0,116,10108.0,50,,0,10110.0,110,10111.0,50,,0,10109.5,0.0,4.9459653297932084e-05,0.9957944,
1031,2,51500,COCONUT,10110.0,180,,0,,0,10112.0,138,10113.0,42,,0,10111.0,0.0,0.00014836428404350633,0.995794,
1033,2,51600,COCONUT,10111.0,103,10110.0,74,,0,10112.0,103,10113.0,74,,0,10111.5,0.0,4.944987020426092e-05,0.9957936,
1034,2,51700,COCONUT,10112.0,144,10111.0,51,,0,10113.0,144,10114.0,51,,0,10112.5,0.0,9.889240514390367e-05,0.9957931999999999,
1037,2,51800,COCONUT,10110.0,131,10109.0,50,,0,10111.0,131,10112.0,50,,0,10110.5,0.0,-0.00019779459096280847,0.9957928,
1038,2,51900,COCONUT,10109.0,180,,0,,0,10111.0,110,10112.0,70,,0,10110.0,0.0,-4.945476126723706e-05,0.9957924,
1041,2,52000,COCONUT,10109.0,153,10108.0,74,,0,10111.0,221,,0,,0,10110.0,0.0,0.0,0.995792,
1042,2,52100,COCONUT,10108.0,122,10107.0,59,,0,10109.0,122,10110.0,59,,0,10108.5,0.0,-0.00014837896013573186,0.9957916,
1044,2,52200,COCONUT,10107.0,191,,0,,0,10109.0,142,10110.0,49,,0,10108.0,0.0,-4.946454629658539e-05,0.9957912,
1046,2,52300,COCONUT,10108.0,103,10107.0,62,,0,10110.0,165,,0,,0,10109.0,0.0,9.892664597267736e-05,0.9957908,
1048,2,52400,COCONUT,10110.0,124,10109.0,79,,0,10111.0,124,10112.0,79,,0,10110.5,0.0,0.00014837162172678305,0.9957904,
1051,2,52500,COCONUT,10111.0,110,10110.0,78,,0,10112.0,100,10113.0,78,,0,10111.5,0.0,9.89021858189585e-05,0.99579,
1052,2,52600,COCONUT,10111.0,132,10110.0,74,,0,10112.0,132,10113.0,74,,0,10111.5,0.0,0.0,0.9957895999999999,
1054,2,52700,COCONUT,10111.0,126,10110.0,59,,0,10112.0,126,10113.0,59,,0,10111.5,0.0,0.0,0.9957892,
1056,2,52800,COCONUT,10111.0,138,10110.0,75,,0,10113.0,213,,0,,0,10112.0,0.0,4.944742503542573e-05,0.9957888,
1059,2,52900,COCONUT,10110.0,183,,0,,0,10112.0,105,10113.0,78,,0,10111.0,0.0,-9.889729523962642e-05,0.9957884,
1060,2,53000,COCONUT,10112.0,109,10111.0,40,,0,10113.0,109,10114.0,40,,0,10112.5,0.0,0.00014834227534811205,0.995788,
1062,2,53100,COCONUT,10112.0,154,,0,,0,10114.0,100,10115.0,54,,0,10113.0,0.0,4.944253542334332e-05,0.9957876,
1064,2,53200,COCONUT,10112.0,103,10111.0,60,,0,10114.0,163,,0,,0,10113.0,0.0,0.0,0.9957872,
1067,2,53300,COCONUT,10112.0,103,10111.0,80,,0,10114.0,183,,0,,0,10113.0,0.0,0.0,0.9957868,
1068,2,53400,COCONUT,10112.0,130,10111.0,70,,0,10113.0,130,10114.0,70,,0,10112.5,0.0,-4.9442535423324165e-05,0.9957864,
1070,2,53500,COCONUT,10110.0,111,10109.0,53,,0,10112.0,164,,0,,0,10111.0,0.0,-0.000148342275348108,0.995786,
1072,2,53600,COCONUT,10110.0,149,10109.0,64,,0,10112.0,213,,0,,0,10111.0,0.0,0.0,0.9957856,
1075,2,53700,COCONUT,10108.0,114,10107.0,40,,0,10110.0,154,,0,,0,10109.0,0.0,-0.00019782393734152343,0.9957852,
1076,2,53800,COCONUT,10107.0,110,10106.0,50,,0,10109.0,160,,0,,0,10108.0,0.0,-9.892664597278777e-05,0.9957848,
1078,2,53900,COCONUT,10109.0,125,10108.0,80,,0,10111.0,205,,0,,0,10110.0,0.0,0.00019784350643233336,0.9957844,
1080,2,54000,COCONUT,10108.0,111,10107.0,41,,0,10110.0,152,,0,,0,10109.0,0.0,-9.891686045955041e-05,0.995784,
1083,2,54100,COCONUT,10108.0,156,,0,,0,10110.0,108,10111.0,48,,0,10109.0,0.0,0.0,0.9957836,
1084,2,54200,COCONUT,10109.0,208,,0,,0,10111.0,146,10112.0,62,,0,10110.0,0.0,9.891686045954437e-05,0.9957832,
1086,2,54300,COCONUT,10110.0,143,10109.0,56,,0,10111.0,143,10112.0,56,,0,10110.5,0.0,4.94547612672972e-05,0.9957828,
1088,2,54400,COCONUT,10110.0,143,10109.0,58,,0,10111.0,143,10112.0,58,,0,10110.5,0.0,0.0,0.9957824000000001,
1091,2,54500,COCONUT,10109.0,130,10108.0,46,,0,10110.0,130,10111.0,46,,0,10109.5,0.0,-9.891196842884774e-05,0.9957820000000001,
1092,2,54600,COCONUT,10109.0,216,,0,,0,10111.0,149,10112.0,67,,0,10110.0,0.0,4.945720716149829e-05,0.9957816,
1094,2,54700,COCONUT,10110.0,123,10109.0,67,,0,10111.0,123,10112.0,67,,0,10110.5,0.0,4.94547612672972e-05,0.9957812,
1096,2,54800,COCONUT,10110.0,148,10109.0,68,,0,10111.0,148,10112.0,68,,0,10110.5,0.0,0.0,0.9957808,
1099,2,54900,COCONUT,10111.0,193,,0,,0,10113.0,121,10114.0,72,,0,10112.0,0.0,0.00014834961085428183,0.9957804,
1100,2,55000,COCONUT,10111.0,114,10110.0,43,,0,10112.0,114,10113.0,43,,0,10111.5,0.0,-4.9447425035437994e-05,0.99578,
1102,2,55100,COCONUT,10112.0,113,10111.0,63,,0,10113.0,113,10114.0,63,,0,10112.5,0.0,9.889240514390367e-05,0.9957796,
1104,2,55200,COCONUT,10111.0,136,10110.0,52,,0,10113.0,136,10114.0,52,,0,10112.0,0.0,-4.944498010852434e-05,0.9957792,
1107,2,55300,COCONUT,10111.0,138,10110.0,50,,0,10112.0,138,10113.0,50,,0,10111.5,0.0,-4.9447425035437994e-05,0.9957788000000001,
1108,2,55400,COCONUT,10112.0,114,10111.0,64,,0,10113.0,114,10114.0,64,,0,10112.5,0.0,9.889240514390367e-05,0.9957784000000001,
1110,2,55500,COCONUT,10111.0,108,10110.0,60,,0,10112.0,108,10113.0,60,,0,10111.5,0.0,-9.889240514388544e-05,0.995778,
1112,2,55600,COCONUT,10111.0,102,10110.0,78,,0,10112.0,102,10113.0,78,,0,10111.5,0.0,0.0,0.9957776,
1115,2,55700,COCONUT,10109.0,134,10108.0,68,,0,10110.0,134,10111.0,68,,0,10109.5,0.0,-0.00019781415424777177,0.9957772,
1116,2,55800,COCONUT,10110.0,106,10109.0,78,,0,10111.0,114,10112.0,78,,0,10110.5,0.0,9.891196842884499e-05,0.9957768,
1118,2,55900,COCONUT,10110.0,189,,0,,0,10112.0,132,10113.0,57,,0,10111.0,0.0,4.94523156146627e-05,0.9957764,
1120,2,56000,COCONUT,10111.0,142,10110.0,75,,0,10112.0,142,10113.0,75,,0,10111.5,0.0,4.944987020426092e-05,0.995776,
1123,2,56100,COCONUT,10110.0,116,10109.0,72,,0,10111.0,116,10112.0,72,,0,10110.5,0.0,-9.890218581894127e-05,0.9957756000000001,
1124,2,56200,COCONUT,10111.0,131,10110.0,49,,0,10113.0,131,10114.0,49,,0,10112.0,0.0,0.00014834961085428183,0.9957752000000001,
1126,2,56300,COCONUT,10112.0,128,10111.0,73,,0,10113.0,128,10114.0,73,,0,10112.5,0.0,4.944498010837919e-05,0.9957748000000001,
1128,2,56400,COCONUT,10112.0,120,10111.0,63,,0,10113.0,120,10114.0,63,,0,10112.5,0.0,0.0,0.9957744000000001,
1131,2,56500,COCONUT,10112.0,187,,0,,0,10114.0,147,10115.0,40,,0,10113.0,0.0,4.944253542334332e-05,0.995774,
1132,2,56600,COCONUT,10111.0,218,,0,,0,10113.0,146,10114.0,72,,0,10112.0,0.0,-9.888751553171831e-05,0.9957736,
1134,2,56700,COCONUT,10114.0,142,10113.0,76,,0,10116.0,142,10117.0,76,,0,10115.0,0.0,0.00029663321520708455,0.9957732,
1136,2,56800,COCONUT,10113.0,218,,0,,0,10115.0,139,10116.0,79,,0,10114.0,0.0,-9.886796191745582e-05,0.9957728,
1139,2,56900,COCONUT,10112.0,137,10111.0,74,,0,10113.0,137,10114.0,74,,0,10112.5,0.0,-0.00014832027318126395,0.9957724,
1141,2,57000,COCONUT,10112.0,127,10111.0,72,,0,10113.0,127,10114.0,72,,0,10112.5,0.0,0.0,0.9957720000000001,
1142,2,57100,COCONUT,10111.0,139,10110.0,41,,0,10113.0,180,,0,,0,10112.0,0.0,-4.944498010852434e-05,0.9957716000000001,
1145,2,57200,COCONUT,10112.0,148,10111.0,73,,0,10114.0,221,,0,,0,10113.0,0.0,9.88875155317994e-05,0.9957712,
1147,2,57300,COCONUT,10111.0,180,,0,,0,10112.0,7,10113.0,139,10114.0,41,10111.5,0.0,-0.0001483349405671713,0.9957708,
1149,2,57400,COCONUT,10111.0,142,10110.0,60,,0,10112.0,142,10113.0,60,,0,10111.5,0.0,0.0,0.9957703999999999,
1150,2,57500,COCONUT,10111.0,106,10110.0,52,,0,10112.0,106,10113.0,52,,0,10111.5,0.0,0.0,0.9957699999999999,
1153,2,57600,COCONUT,10111.0,170,,0,,0,10113.0,100,10114.0,70,,0,10112.0,0.0,4.944742503542573e-05,0.9957695999999999,
1155,2,57700,COCONUT,10109.0,133,10108.0,40,,0,10111.0,173,,0,,0,10110.0,0.0,-0.00019780437212153348,0.9957691999999999,
1157,2,57800,COCONUT,10109.0,108,10108.0,57,,0,10111.0,165,,0,,0,10110.0,0.0,0.0,0.9957688,
1158,2,57900,COCONUT,10110.0,145,10109.0,56,,0,10112.0,201,,0,,0,10111.0,0.0,9.890707688190902e-05,0.9957684,
1161,2,58000,COCONUT,10111.0,116,10110.0,49,,0,10112.0,116,10113.0,49,,0,10111.5,0.0,4.944987020426092e-05,0.995768,
1163,2,58100,COCONUT,10113.0,138,10112.0,69,,0,10114.0,138,10115.0,69,,0,10113.5,0.0,0.00019777503154704741,0.9957676,
1165,2,58200,COCONUT,10112.0,113,10111.0,52,,0,10113.0,107,10114.0,52,,0,10112.5,0.0,-9.888262640312504e-05,0.9957672,
1166,2,58300,COCONUT,10111.0,164,,0,,0,10113.0,113,10114.0,51,,0,10112.0,0.0,-4.944498010852434e-05,0.9957668,
1169,2,58400,COCONUT,10109.0,117,10108.0,68,,0,10110.0,117,10111.0,68,,0,10109.5,0.0,-0.0002472615792831478,0.9957663999999999,
1171,2,58500,COCONUT,10108.0,203,,0,,0,10110.0,129,10111.0,74,,0,10109.0,0.0,-4.94596532979291e-05,0.9957659999999999,
1173,2,58600,COCONUT,10107.0,135,10106.0,77,,0,10109.0,212,,0,,0,10108.0,0.0,-9.892664597278777e-05,0.9957655999999999,
1174,2,58700,COCONUT,10108.0,122,10107.0,42,,0,10109.0,122,10110.0,42,,0,10108.5,0.0,4.9464546296609626e-05,0.9957652,
1177,2,58800,COCONUT,10109.0,100,10108.0,50,,0,10110.0,100,10111.0,50,,0,10109.5,0.0,9.892175297422918e-05,0.9957648,
1179,2,58900,COCONUT,10109.0,102,10108.0,50,,0,10111.0,152,,0,,0,10110.0,0.0,4.945720716149829e-05,0.9957644,
1181,2,59000,COCONUT,10110.0,210,,0,,0,10112.0,142,10113.0,68,,0,10111.0,0.0,9.890707688190902e-05,0.995764,
1182,2,59100,COCONUT,10109.0,201,,0,,0,10111.0,138,10112.0,63,,0,10110.0,0.0,-9.890707688194102e-05,0.9957636,
1185,2,59200,COCONUT,10111.0,106,10110.0,73,,0,10112.0,111,10113.0,73,,0,10111.5,0.0,0.00014835694708615393,0.9957632,
1187,2,59300,COCONUT,10111.0,112,10110.0,51,,0,10112.0,112,10113.0,51,,0,10111.5,0.0,0.0,0.9957628,
1189,2,59400,COCONUT,10112.0,135,10111.0,43,,0,10113.0,135,10114.0,43,,0,10112.5,0.0,9.889240514390367e-05,0.9957623999999999,
1190,2,59500,COCONUT,10109.0,135,10108.0,72,,0,10110.0,141,10111.0,72,,0,10109.5,0.0,-0.00029670655939162074,0.9957619999999999,
1193,2,59600,COCONUT,10109.0,206,,0,,0,10111.0,132,10112.0,74,,0,10110.0,0.0,4.945720716149829e-05,0.9957616,
1195,2,59700,COCONUT,10108.0,199,,0,,0,10110.0,129,10111.0,70,,0,10109.0,0.0,-9.891686045955041e-05,0.9957612,
1197,2,59800,COCONUT,10108.0,147,10107.0,74,,0,10109.0,147,10110.0,74,,0,10108.5,0.0,-4.946209967623396e-05,0.9957608,
1198,2,59900,COCONUT,10106.0,103,10105.0,52,,0,10108.0,155,,0,,0,10107.0,0.0,-0.00014840097971885623,0.9957604,
1201,2,60000,COCONUT,10106.0,106,10105.0,55,,0,10107.0,106,10108.0,55,,0,10106.5,0.0,-4.947188760991915e-05,0.99576,
1203,2,60100,COCONUT,10106.0,133,10105.0,55,,0,10107.0,133,10108.0,55,,0,10106.5,0.0,0.0,0.9957596,
1205,2,60200,COCONUT,10105.0,147,10104.0,53,,0,10107.0,200,,0,,0,10106.0,0.0,-4.947433519867896e-05,0.9957592,
1206,2,60300,COCONUT,10104.0,141,10103.0,60,,0,10105.0,141,10106.0,60,,0,10104.5,0.0,-0.0001484376935508275,0.9957587999999999,
1209,2,60400,COCONUT,10104.0,107,10103.0,80,,0,10105.0,107,10106.0,80,,0,10104.5,0.0,0.0,0.9957584,
1211,2,60500,COCONUT,10104.0,131,10103.0,76,,0,10106.0,207,,0,,0,10105.0,0.0,4.948167941831423e-05,0.995758,
1213,2,60600,COCONUT,10104.0,103,10103.0,45,,0,10106.0,148,,0,,0,10105.0,0.0,0.0,0.9957576,
1214,2,60700,COCONUT,10106.0,146,10105.0,42,,0,10108.0,146,10109.0,42,,0,10107.0,0.0,0.0001979022369411684,0.9957572,
1216,2,60800,COCONUT,10107.0,105,10106.0,52,,0,10108.0,105,10109.0,52,,0,10107.5,0.0,4.946944026332982e-05,0.9957568,
1218,2,60900,COCONUT,10107.0,115,10106.0,78,,0,10109.0,193,,0,,0,10108.0,0.0,4.946699315885338e-05,0.9957564,
1221,2,61000,COCONUT,10106.0,118,10105.0,45,,0,10107.0,118,10108.0,45,,0,10106.5,0.0,-0.00014840832103224462,0.995756,
1222,2,61100,COCONUT,10106.0,114,10105.0,71,,0,10108.0,114,10109.0,71,,0,10107.0,0.0,4.947188761003895e-05,0.9957556,
1224,2,61200,COCONUT,10106.0,125,10105.0,70,,0,10107.0,125,10108.0,70,,0,10106.5,0.0,-4.947188760991915e-05,0.9957552,
1226,2,61300,COCONUT,10106.0,112,10105.0,54,,0,10107.0,112,10108.0,54,,0,10106.5,0.0,0.0,0.9957548,
1228,2,61400,COCONUT,10107.0,136,10106.0,45,,0,10108.0,136,10109.0,45,,0,10107.5,0.0,9.894132787326654e-05,0.9957544,
1231,2,61500,COCONUT,10106.0,172,,0,,0,10108.0,113,10109.0,59,,0,10107.0,0.0,-4.946944026331695e-05,0.995754,
1232,2,61600,COCONUT,10107.0,221,,0,,0,10109.0,148,10110.0,73,,0,10108.0,0.0,9.893643342219606e-05,0.9957536,
1234,2,61700,COCONUT,10108.0,153,,0,,0,10110.0,111,10111.0,42,,0,10109.0,0.0,9.892664597267736e-05,0.9957532,
1236,2,61800,COCONUT,10108.0,169,,0,,0,10110.0,106,10111.0,63,,0,10109.0,0.0,0.0,0.9957528,
1239,2,61900,COCONUT,10110.0,132,10109.0,64,,0,10111.0,132,10112.0,64,,0,10110.5,0.0,0.00014837162172678305,0.9957524,
1240,2,62000,COCONUT,10108.0,122,10107.0,48,,0,10109.0,122,10110.0,48,,0,10108.5,0.0,-0.0001978337214028995,0.995752,
1242,2,62100,COCONUT,10108.0,134,10107.0,80,,0,10110.0,214,,0,,0,10109.0,0.0,4.9462099676154505e-05,0.9957516000000001,
1244,2,62200,COCONUT,10108.0,124,10107.0,62,,0,10109.0,124,10110.0,62,,0,10108.5,0.0,-4.946209967623396e-05,0.9957512000000001,
1247,2,62300,COCONUT,10108.0,132,10107.0,68,,0,10110.0,190,,0,,0,10109.0,0.0,4.9462099676154505e-05,0.9957508,
1248,2,62400,COCONUT,10109.0,112,10108.0,79,,0,10110.0,112,10111.0,79,,0,10109.5,0.0,4.9459653297932084e-05,0.9957504,
1250,2,62500,COCONUT,10110.0,104,10109.0,75,,0,10112.0,179,,0,,0,10111.0,0.0,0.00014836428404350633,0.99575,
1252,2,62600,COCONUT,10110.0,149,10109.0,57,,0,10112.0,206,,0,,0,10111.0,0.0,0.0,0.9957496,
1255,2,62700,COCONUT,10110.0,176,,0,,0,10112.0,135,10113.0,41,,0,10111.0,0.0,0.0,0.9957492,
1256,2,62800,COCONUT,10112.0,112,10111.0,50,,0,10113.0,112,10114.0,50,,0,10112.5,0.0,0.00014834227534811205,0.9957488,
1258,2,62900,COCONUT,10112.0,194,,0,,0,10114.0,150,10115.0,44,,0,10113.0,0.0,4.944253542334332e-05,0.9957484,
1260,2,63000,COCONUT,10112.0,209,,0,,0,10114.0,144,10115.0,65,,0,10113.0,0.0,0.0,0.9957480000000001,
1263,2,63100,COCONUT,10112.0,185,,0,,0,10114.0,113,10115.0,72,,0,10113.0,0.0,0.0,0.9957476000000001,
1264,2,63200,COCONUT,10111.0,130,10110.0,64,,0,10113.0,194,,0,,0,10112.0,0.0,-9.888751553171831e-05,0.9957472,
1266,2,63300,COCONUT,10112.0,126,10111.0,67,,0,10114.0,193,,0,,0,10113.0,0.0,9.88875155317994e-05,0.9957468,
1268,2,63400,COCONUT,10110.0,131,10109.0,77,,0,10112.0,131,10113.0,77,,0,10111.0,0.0,-0.00019778481077137468,0.9957464,
1271,2,63500,COCONUT,10110.0,127,10109.0,60,,0,10112.0,187,,0,,0,10111.0,0.0,0.0,0.995746,
1272,2,63600,COCONUT,10111.0,103,10110.0,58,,0,10113.0,161,,0,,0,10112.0,0.0,9.889729523954937e-05,0.9957456,
1274,2,63700,COCONUT,10111.0,133,10110.0,57,,0,10112.0,133,10113.0,57,,0,10111.5,0.0,-4.9447425035437994e-05,0.9957452,
1276,2,63800,COCONUT,10111.0,119,10110.0,51,,0,10112.0,119,10113.0,51,,0,10111.5,0.0,0.0,0.9957448000000001,
1279,2,63900,COCONUT,10108.0,94,10107.0,49,,0,10110.0,151,,0,,0,10109.0,0.0,-0.0002472738075456936,0.9957444000000001,
1280,2,64000,COCONUT,10109.0,114,10108.0,63,,0,10111.0,177,,0,,0,10110.0,0.0,9.891686045954437e-05,0.9957440000000001,
1282,2,64100,COCONUT,10109.0,145,10108.0,63,,0,10110.0,145,10111.0,63,,0,10109.5,0.0,-4.9457207161559795e-05,0.9957436000000001,
1284,2,64200,COCONUT,10109.0,126,10108.0,71,,0,10110.0,126,10111.0,71,,0,10109.5,0.0,0.0,0.9957432,
1287,2,64300,COCONUT,10110.0,133,10109.0,42,,0,10111.0,133,10112.0,42,,0,10110.5,0.0,9.891196842884499e-05,0.9957428,
1288,2,64400,COCONUT,10111.0,129,10110.0,51,,0,10112.0,129,10113.0,51,,0,10111.5,0.0,9.89021858189585e-05,0.9957424,
1290,2,64500,COCONUT,10110.0,114,10109.0,45,,0,10112.0,159,,0,,0,10111.0,0.0,-4.944987020417616e-05,0.995742,
1292,2,64600,COCONUT,10110.0,113,10109.0,70,,0,10111.0,113,10112.0,70,,0,10110.5,0.0,-4.945231561473884e-05,0.9957415999999999,
1295,2,64700,COCONUT,10110.0,127,10109.0,52,,0,10112.0,185,,0,,0,10111.0,0.0,4.94523156146627e-05,0.9957412000000001,
1296,2,64800,COCONUT,10110.0,112,10109.0,55,,0,10111.0,112,10112.0,55,,0,10110.5,0.0,-4.945231561473884e-05,0.9957408,
1298,2,64900,COCONUT,10109.0,148,10108.0,53,,0,10111.0,193,,0,,0,10110.0,0.0,-4.945476126723706e-05,0.9957404,
1300,2,65000,COCONUT,10108.0,174,,0,,0,10110.0,129,10111.0,45,,0,10109.0,0.0,-9.891686045955041e-05,0.99574,
1303,2,65100,COCONUT,10111.0,123,10110.0,45,,0,10112.0,123,10113.0,45,,0,10111.5,0.0,0.00024727380754574474,0.9957396,
1304,2,65200,COCONUT,10110.0,160,,0,,0,10112.0,107,10113.0,53,,0,10111.0,0.0,-4.944987020417616e-05,0.9957391999999999,
1306,2,65300,COCONUT,10112.0,144,10111.0,49,,0,10114.0,193,,0,,0,10113.0,0.0,0.0001977848107712717,0.9957387999999999,
1308,2,65400,COCONUT,10111.0,110,10110.0,75,,0,10113.0,185,,0,,0,10112.0,0.0,-9.888751553171831e-05,0.9957383999999999,
1311,2,65500,COCONUT,10111.0,123,10110.0,62,,0,10112.0,123,10113.0,62,,0,10111.5,0.0,-4.9447425035437994e-05,0.995738,
1312,2,65600,COCONUT,10111.0,102,10110.0,77,,0,10113.0,102,10114.0,77,,0,10112.0,0.0,4.944742503542573e-05,0.9957376,
1314,2,65700,COCONUT,10113.0,108,10112.0,77,,0,10114.0,118,10115.0,77,,0,10113.5,0.0,0.00014832760651154747,0.9957372,
1317,2,65800,COCONUT,10114.0,173,,0,,0,10115.0,10,10116.0,106,10117.0,67,10114.5,0.0,9.887284959606905e-05,0.9957368,
1319,2,65900,COCONUT,10113.0,139,10112.0,51,,0,10114.0,139,10115.0,51,,0,10113.5,0.0,-9.887284959610482e-05,0.9957364,
1321,2,66000,COCONUT,10112.0,110,10111.0,53,,0,10113.0,110,10114.0,53,,0,10112.5,0.0,-9.888262640312504e-05,0.995736,
1322,2,66100,COCONUT,10111.0,134,10110.0,74,,0,10112.0,134,10113.0,74,,0,10111.5,0.0,-9.889240514388544e-05,0.9957355999999999,
1325,2,66200,COCONUT,10112.0,107,10111.0,57,,0,10113.0,107,10114.0,57,,0,10112.5,0.0,9.889240514390367e-05,0.9957351999999999,
1327,2,66300,COCONUT,10112.0,107,10111.0,65,,0,10114.0,172,,0,,0,10113.0,0.0,4.944253542334332e-05,0.9957347999999999,
1329,2,66400,COCONUT,10113.0,137,10112.0,69,,0,10115.0,206,,0,,0,10114.0,0.0,9.887773775799309e-05,0.9957344,
1330,2,66500,COCONUT,10113.0,128,10112.0,73,,0,10115.0,201,,0,,0,10114.0,0.0,0.0,0.995734,
1333,2,66600,COCONUT,10113.0,131,10112.0,57,,0,10114.0,131,10115.0,57,,0,10113.5,0.0,-4.943764677806425e-05,0.9957336,
1335,2,66700,COCONUT,10112.0,189,,0,,0,10114.0,137,10115.0,52,,0,10113.0,0.0,-4.944009097983747e-05,0.9957332,
1337,2,66800,COCONUT,10113.0,132,10112.0,53,,0,10114.0,132,10115.0,53,,0,10113.5,0.0,4.944009097987406e-05,0.9957328,
1338,2,66900,COCONUT,10114.0,117,10113.0,50,,0,10116.0,167,,0,,0,10115.0,0.0,0.00014830560869569424,0.9957324,
1341,2,67000,COCONUT,10115.0,148,10114.0,45,,0,10117.0,193,,0,,0,10116.0,0.0,9.885818800999148e-05,0.995732,
1343,2,67100,COCONUT,10115.0,107,10114.0,57,,0,10117.0,164,,0,,0,10116.0,0.0,0.0,0.9957315999999999,
1345,2,67200,COCONUT,10115.0,136,10114.0,43,,0,10116.0,136,10117.0,43,,0,10115.5,0.0,-4.942787238732891e-05,0.9957311999999999,
1346,2,67300,COCONUT,10116.0,133,10115.0,60,,0,10117.0,133,10118.0,60,,0,10116.5,0.0,9.88533017806791e-05,0.9957308,
1349,2,67400,COCONUT,10116.0,137,10115.0,45,,0,10118.0,192,,0,,0,10117.0,0.0,4.9422986641230754e-05,0.9957304,
1351,2,67500,COCONUT,10117.0,109,10116.0,63,,0,10118.0,118,10119.0,63,,0,10117.5,0.0,4.942054413029444e-05,0.99573,
1353,2,67600,COCONUT,10115.0,105,10114.0,80,,0,10117.0,192,,0,,0,10116.0,0.0,-0.00014826896016490606,0.9957296,
1354,2,67700,COCONUT,10116.0,136,10115.0,48,,0,10117.0,136,10118.0,48,,0,10116.5,0.0,4.942542939351166e-05,0.9957292,
1357,2,67800,COCONUT,10117.0,127,10116.0,47,,0,10118.0,127,10119.0,47,,0,10117.5,0.0,9.884353077134664e-05,0.9957288,
1359,2,67900,COCONUT,10116.0,117,10115.0,56,,0,10117.0,117,10118.0,56,,0,10116.5,0.0,-9.884353077137798e-05,0.9957284,
1361,2,68000,COCONUT,10116.0,121,10115.0,73,,0,10117.0,121,10118.0,73,,0,10116.5,0.0,0.0,0.995728,
1362,2,68100,COCONUT,10116.0,115,10115.0,50,,0,10117.0,115,10118.0,50,,0,10116.5,0.0,0.0,0.9957276,
1365,2,68200,COCONUT,10115.0,126,10114.0,76,,0,10116.0,126,10117.0,76,,0,10115.5,0.0,-9.8853301780731e-05,0.9957272,
1367,2,68300,COCONUT,10115.0,125,10114.0,55,,0,10116.0,125,10117.0,55,,0,10115.5,0.0,0.0,0.9957268,
1369,2,68400,COCONUT,10115.0,121,10114.0,64,,0,10117.0,185,,0,,0,10116.0,0.0,4.942787238735919e-05,0.9957264,
1370,2,68500,COCONUT,10115.0,126,10114.0,59,,0,10116.0,126,10117.0,59,,0,10115.5,0.0,-4.942787238732891e-05,0.995726,
1373,2,68600,COCONUT,10116.0,131,10115.0,43,,0,10118.0,131,10119.0,43,,0,10117.0,0.0,0.0001482762884218839,0.9957256,
1375,2,68700,COCONUT,10116.0,129,10115.0,57,,0,10117.0,129,10118.0,57,,0,10116.5,0.0,-4.942298664118729e-05,0.9957252,
1377,2,68800,COCONUT,10116.0,103,10115.0,59,,0,10117.0,103,10118.0,59,,0,10116.5,0.0,0.0,0.9957248,
1378,2,68900,COCONUT,10116.0,137,10115.0,43,,0,10117.0,137,10118.0,43,,0,10116.5,0.0,0.0,0.9957244,
1381,2,69000,COCONUT,10115.0,6,10114.0,199,,0,10116.0,133,10117.0,66,,0,10115.5,0.0,-9.8853301780731e-05,0.995724,
1383,2,69100,COCONUT,10115.0,120,10114.0,67,,0,10116.0,120,10117.0,67,,0,10115.5,0.0,0.0,0.9957236,
1385,2,69200,COCONUT,10115.0,120,10114.0,76,,0,10117.0,196,,0,,0,10116.0,0.0,4.942787238735919e-05,0.9957232,
1386,2,69300,COCONUT,10115.0,138,10114.0,74,,0,10116.0,138,10117.0,74,,0,10115.5,0.0,-4.942787238732891e-05,0.9957228,
1389,2,69400,COCONUT,10113.0,128,10112.0,57,,0,10115.0,185,,0,,0,10114.0,0.0,-0.00014829827754009718,0.9957224,
1391,2,69500,COCONUT,10113.0,152,10112.0,50,,0,10114.0,147,10115.0,50,,0,10113.5,0.0,-4.943764677806425e-05,0.995722,
1393,2,69600,COCONUT,10112.0,179,,0,,0,10114.0,114,10115.0,65,,0,10113.0,0.0,-4.944009097983747e-05,0.9957216,
1394,2,69700,COCONUT,10112.0,111,10111.0,56,,0,10113.0,111,10114.0,56,,0,10112.5,0.0,-4.9442535423324165e-05,0.9957212,
1396,2,69800,COCONUT,10112.0,127,10111.0,66,,0,10114.0,193,,0,,0,10113.0,0.0,4.944253542334332e-05,0.9957208000000001,
1398,2,69900,COCONUT,10110.0,128,10109.0,51,,0,10112.0,179,,0,,0,10111.0,0.0,-0.00019778481077137468,0.9957204000000001,
1401,2,70000,COCONUT,10109.0,132,10108.0,52,,0,10110.0,132,10111.0,52,,0,10109.5,0.0,-0.00014836428404351682,0.99572,
1402,2,70100,COCONUT,10108.0,111,10107.0,42,,0,10110.0,153,,0,,0,10109.0,0.0,-4.94596532979291e-05,0.9957196,
1404,2,70200,COCONUT,10108.0,137,10107.0,78,,0,10109.0,137,10110.0,78,,0,10108.5,0.0,-4.946209967623396e-05,0.9957192,
1406,2,70300,COCONUT,10108.0,110,10107.0,50,,0,10109.0,110,10110.0,50,,0,10108.5,0.0,0.0,0.9957188,
1408,2,70400,COCONUT,10109.0,136,10108.0,64,,0,10110.0,136,10111.0,64,,0,10109.5,0.0,9.892175297422918e-05,0.9957184,
1411,2,70500,COCONUT,10108.0,104,10107.0,68,,0,10110.0,172,,0,,0,10109.0,0.0,-4.94596532979291e-05,0.995718,
1412,2,70600,COCONUT,10109.0,222,,0,,0,10111.0,142,10112.0,80,,0,10110.0,0.0,9.891686045954437e-05,0.9957176,
1414,2,70700,COCONUT,10108.0,126,10107.0,69,,0,10110.0,195,,0,,0,10109.0,0.0,-9.891686045955041e-05,0.9957172000000001,
1416,2,70800,COCONUT,10109.0,139,10108.0,40,,0,10111.0,179,,0,,0,10110.0,0.0,9.891686045954437e-05,0.9957168000000001,
1419,2,70900,COCONUT,10109.0,171,,0,,0,10111.0,131,10112.0,40,,0,10110.0,0.0,0.0,0.9957164000000001,
1420,2,71000,COCONUT,10109.0,134,10108.0,49,,0,10110.0,134,10111.0,49,,0,10109.5,0.0,-4.9457207161559795e-05,0.995716,
1422,2,71100,COCONUT,10109.0,189,,0,,0,10111.0,127,10112.0,62,,0,10110.0,0.0,4.945720716149829e-05,0.9957156,
1424,2,71200,COCONUT,10109.0,149,10108.0,59,,0,10110.0,149,10111.0,59,,0,10109.5,0.0,-4.9457207161559795e-05,0.9957152,
1427,2,71300,COCONUT,10110.0,124,10109.0,59,,0,10112.0,183,,0,,0,10111.0,0.0,0.00014836428404350633,0.9957148,
1428,2,71400,COCONUT,10109.0,185,,0,,0,10111.0,110,10112.0,75,,0,10110.0,0.0,-9.890707688194102e-05,0.9957144,
1430,2,71500,COCONUT,10110.0,190,,0,,0,10112.0,122,10113.0,68,,0,10111.0,0.0,9.890707688190902e-05,0.9957140000000001,
1432,2,71600,COCONUT,10109.0,135,10108.0,43,,0,10110.0,135,10111.0,43,,0,10109.5,0.0,-0.00014836428404351682,0.9957136000000001,
1435,2,71700,COCONUT,10110.0,114,10109.0,73,,0,10112.0,187,,0,,0,10111.0,0.0,0.00014836428404350633,0.9957132000000001,
1436,2,71800,COCONUT,10112.0,107,10111.0,76,,0,10113.0,107,10114.0,76,,0,10112.5,0.0,0.00014834227534811205,0.9957128000000001,
1438,2,71900,COCONUT,10111.0,100,10110.0,60,,0,10113.0,160,,0,,0,10112.0,0.0,-4.944498010852434e-05,0.9957124,
1440,2,72000,COCONUT,10113.0,127,10112.0,61,,0,10114.0,127,10115.0,61,,0,10113.5,0.0,0.00014832760651154747,0.995712,
1443,2,72100,COCONUT,10114.0,149,10113.0,77,,0,10115.0,149,10116.0,77,,0,10114.5,0.0,9.887284959606905e-05,0.9957116,
1444,2,72200,COCONUT,10113.0,199,,0,,0,10115.0,141,10116.0,58,,0,10114.0,0.0,-4.943520281800451e-05,0.9957111999999999,
1446,2,72300,COCONUT,10114.0,150,10113.0,75,,0,10116.0,225,,0,,0,10115.0,0.0,9.886796191746444e-05,0.9957107999999999,
1448,2,72400,COCONUT,10115.0,134,10114.0,57,,0,10116.0,139,10117.0,57,,0,10115.5,0.0,4.94303156225513e-05,0.9957104,
1451,2,72500,COCONUT,10116.0,107,10115.0,49,,0,10117.0,107,10118.0,49,,0,10116.5,0.0,9.88533017806791e-05,0.99571,
1452,2,72600,COCONUT,10118.0,147,10117.0,56,,0,10120.0,203,,0,,0,10119.0,0.0,0.0002470905105106874,0.9957096,
1454,2,72700,COCONUT,10118.0,134,10117.0,69,,0,10119.0,134,10120.0,69,,0,10118.5,0.0,-4.941321804591272e-05,0.9957092,
1456,2,72800,COCONUT,10116.0,133,10115.0,76,,0,10117.0,133,10118.0,76,,0,10116.5,0.0,-0.0001976772924648396,0.9957088,
1459,2,72900,COCONUT,10117.0,145,10116.0,71,,0,10118.0,145,10119.0,71,,0,10117.5,0.0,9.884353077134664e-05,0.9957083999999999,
1460,2,73000,COCONUT,10116.0,123,10115.0,43,,0,10118.0,166,,0,,0,10117.0,0.0,-4.942054413029808e-05,0.9957079999999999,
1462,2,73100,COCONUT,10116.0,179,,0,,0,10118.0,130,10119.0,49,,0,10117.0,0.0,0.0,0.9957075999999999,
1464,2,73200,COCONUT,10117.0,115,10116.0,53,,0,10118.0,115,10119.0,53,,0,10117.5,0.0,4.942054413029444e-05,0.9957071999999999,
1467,2,73300,COCONUT,10117.0,122,10116.0,64,,0,10118.0,122,10119.0,64,,0,10117.5,0.0,0.0,0.9957068,
1468,2,73400,COCONUT,10117.0,113,10116.0,45,,0,10118.0,113,10119.0,45,,0,10117.5,0.0,0.0,0.9957064,
1470,2,73500,COCONUT,10116.0,167,,0,,0,10118.0,115,10119.0,52,,0,10117.0,0.0,-4.942054413029808e-05,0.995706,
1472,2,73600,COCONUT,10116.0,175,,0,,0,10118.0,118,10119.0,57,,0,10117.0,0.0,0.0,0.9957056,
1475,2,73700,COCONUT,10115.0,138,10114.0,56,,0,10117.0,194,,0,,0,10116.0,0.0,-9.884841603460069e-05,0.9957052,
1476,2,73800,COCONUT,10114.0,130,10113.0,46,,0,10115.0,130,10116.0,46,,0,10114.5,0.0,-0.0001482909471094269,0.9957048,
1478,2,73900,COCONUT,10114.0,137,10113.0,41,,0,10116.0,178,,0,,0,10115.0,0.0,4.943275909953207e-05,0.9957043999999999,
1480,2,74000,COCONUT,10112.0,176,,0,,0,10114.0,113,10115.0,63,,0,10113.0,0.0,-0.00019774569967544176,0.9957039999999999,
1483,2,74100,COCONUT,10113.0,133,10112.0,43,,0,10115.0,176,,0,,0,10114.0,0.0,9.887773775799309e-05,0.9957036,
1484,2,74200,COCONUT,10114.0,122,10113.0,63,,0,10115.0,122,10116.0,63,,0,10114.5,0.0,4.943520281807945e-05,0.9957032,
1486,2,74300,COCONUT,10114.0,133,10113.0,80,,0,10115.0,124,10116.0,80,,0,10114.5,0.0,0.0,0.9957028,
1488,2,74400,COCONUT,10114.0,109,10113.0,41,,0,10116.0,150,,0,,0,10115.0,0.0,4.943275909953207e-05,0.9957024,
1491,2,74500,COCONUT,10114.0,152,,0,,0,10116.0,108,10117.0,44,,0,10115.0,0.0,0.0,0.995702,
1493,2,74600,COCONUT,10113.0,179,,0,,0,10115.0,106,10116.0,73,,0,10114.0,0.0,-9.886796191745582e-05,0.9957016,
1494,2,74700,COCONUT,10112.0,181,,0,,0,10113.0,5,10114.0,104,10115.0,77,10112.5,0.0,-0.00014832027318126395,0.9957012,
1497,2,74800,COCONUT,10113.0,105,10112.0,53,,0,10114.0,105,10115.0,53,,0,10113.5,0.0,9.888262640323654e-05,0.9957007999999999,
1499,2,74900,COCONUT,10114.0,114,10113.0,68,,0,10116.0,182,,0,,0,10115.0,0.0,0.00014830560869569424,0.9957003999999999,
1501,2,75000,COCONUT,10114.0,173,,0,,0,10116.0,129,10117.0,44,,0,10115.0,0.0,0.0,0.9957,
1502,2,75100,COCONUT,10114.0,115,10113.0,41,,0,10115.0,115,10116.0,41,,0,10114.5,0.0,-4.943275909954721e-05,0.9956996,
1505,2,75200,COCONUT,10114.0,170,,0,,0,10116.0,126,10117.0,44,,0,10115.0,0.0,4.943275909953207e-05,0.9956992,
1507,2,75300,COCONUT,10115.0,111,10114.0,80,,0,10117.0,191,,0,,0,10116.0,0.0,9.885818800999148e-05,0.9956988,
1509,2,75400,COCONUT,10115.0,138,10114.0,40,,0,10116.0,138,10117.0,40,,0,10115.5,0.0,-4.942787238732891e-05,0.9956984,
1510,2,75500,COCONUT,10114.0,200,,0,,0,10115.0,5,10116.0,134,10117.0,66,10114.5,0.0,-9.886307472215856e-05,0.995698,
1513,2,75600,COCONUT,10114.0,134,10113.0,76,,0,10116.0,134,10117.0,76,,0,10115.0,0.0,4.943275909953207e-05,0.9956976,
1515,2,75700,COCONUT,10113.0,112,10112.0,79,,0,10114.0,112,10115.0,79,,0,10113.5,0.0,-0.00014830560869557127,0.9956972,
1517,2,75800,COCONUT,10112.0,129,10111.0,54,,0,10113.0,129,10114.0,54,,0,10112.5,0.0,-9.888262640312504e-05,0.9956968,
1518,2,75900,COCONUT,10112.0,226,,0,,0,10114.0,147,10115.0,79,,0,10113.0,0.0,4.944253542334332e-05,0.9956964,
1521,2,76000,COCONUT,10113.0,124,10112.0,51,,0,10115.0,124,10116.0,51,,0,10114.0,0.0,9.887773775799309e-05,0.995696,
1523,2,76100,COCONUT,10113.0,103,10112.0,47,,0,10114.0,103,10115.0,47,,0,10113.5,0.0,-4.943764677806425e-05,0.9956956,
1525,2,76200,COCONUT,10112.0,158,10111.0,63,,0,10113.0,149,10114.0,63,,0,10112.5,0.0,-9.888262640312504e-05,0.9956952,
1526,2,76300,COCONUT,10113.0,114,10112.0,51,,0,10115.0,165,,0,,0,10114.0,0.0,0.0001483202731811527,0.9956948,
1529,2,76400,COCONUT,10115.0,101,10114.0,70,,0,10117.0,171,,0,,0,10116.0,0.0,0.00019772614992735353,0.9956944,
1531,2,76500,COCONUT,10114.0,129,10113.0,72,,0,10115.0,129,10116.0,72,,0,10114.5,0.0,-0.0001482909471094269,0.995694,
1533,2,76600,COCONUT,10113.0,151,10112.0,65,,0,10114.0,141,10115.0,65,,0,10113.5,0.0,-9.887284959610482e-05,0.9956936,
1534,2,76700,COCONUT,10114.0,158,10113.0,41,,0,10115.0,149,10116.0,41,,0,10114.5,0.0,9.887284959606905e-05,0.9956932000000001,
1537,2,76800,COCONUT,10116.0,127,10115.0,74,,0,10117.0,127,10118.0,74,,0,10116.5,0.0,0.00019771637650299004,0.9956928,
1539,2,76900,COCONUT,10116.0,146,10115.0,54,,0,10117.0,146,10118.0,54,,0,10116.5,0.0,0.0,0.9956924,
1541,2,77000,COCONUT,10116.0,204,,0,,0,10117.0,6,10118.0,132,10119.0,72,10116.5,0.0,0.0,0.995692,
1542,2,77100,COCONUT,10116.0,110,10115.0,70,,0,10117.0,110,10118.0,70,,0,10116.5,0.0,0.0,0.9956916,
1545,2,77200,COCONUT,10118.0,119,10117.0,57,,0,10119.0,119,10120.0,57,,0,10118.5,0.0,0.00019767729246472014,0.9956912,
1547,2,77300,COCONUT,10118.0,121,10117.0,76,,0,10119.0,121,10120.0,76,,0,10118.5,0.0,0.0,0.9956908,
1549,2,77400,COCONUT,10119.0,190,,0,,0,10121.0,137,10122.0,53,,0,10120.0,0.0,0.00014823232974239212,0.9956904,
1550,2,77500,COCONUT,10119.0,149,10118.0,55,,0,10120.0,149,10121.0,55,,0,10119.5,0.0,-4.940833519622461e-05,0.9956900000000001,
1553,2,77600,COCONUT,10118.0,166,,0,,0,10120.0,109,10121.0,57,,0,10119.0,0.0,-4.9410776500433996e-05,0.9956896000000001,
1555,2,77700,COCONUT,10119.0,120,10118.0,52,,0,10120.0,120,10121.0,52,,0,10119.5,0.0,4.9410776500439194e-05,0.9956892,
1557,2,77800,COCONUT,10120.0,139,10119.0,59,,0,10121.0,139,10122.0,59,,0,10120.5,0.0,9.881422932947321e-05,0.9956888,
1558,2,77900,COCONUT,10120.0,133,10119.0,61,,0,10121.0,133,10122.0,61,,0,10120.5,0.0,0.0,0.9956884,
1561,2,78000,COCONUT,10119.0,132,10118.0,49,,0,10121.0,181,,0,,0,10120.0,0.0,-4.940589413317354e-05,0.995688,
1563,2,78100,COCONUT,10120.0,184,,0,,0,10122.0,140,10123.0,44,,0,10121.0,0.0,9.88093474447076e-05,0.9956876,
1565,2,78200,COCONUT,10120.0,175,,0,,0,10122.0,119,10123.0,56,,0,10121.0,0.0,0.0,0.9956872,
1566,2,78300,COCONUT,10120.0,144,10119.0,72,,0,10121.0,144,10122.0,72,,0,10120.5,0.0,-4.940345331139181e-05,0.9956868,
1569,2,78400,COCONUT,10121.0,111,10120.0,49,,0,10122.0,111,10123.0,49,,0,10121.5,0.0,9.880446604215137e-05,0.9956864000000001,
1571,2,78500,COCONUT,10119.0,122,10118.0,70,,0,10121.0,192,,0,,0,10120.0,0.0,-0.00014821036017545377,0.9956860000000001,
1573,2,78600,COCONUT,10120.0,136,10119.0,48,,0,10121.0,129,10122.0,48,,0,10120.5,0.0,4.940589413313509e-05,0.9956856000000001,
1574,2,78700,COCONUT,10120.0,140,10119.0,74,,0,10122.0,204,,0,,0,10121.0,0.0,4.940345331138893e-05,0.9956852,
1576,2,78800,COCONUT,10120.0,136,10119.0,78,,0,10121.0,127,10122.0,78,,0,10120.5,0.0,-4.940345331139181e-05,0.9956848,
1578,2,78900,COCONUT,10121.0,132,10120.0,54,,0,10122.0,132,10123.0,54,,0,10121.5,0.0,9.880446604215137e-05,0.9956844,
1581,2,79000,COCONUT,10120.0,199,,0,,0,10122.0,119,10123.0,80,,0,10121.0,0.0,-4.9401012730768395e-05,0.995684,
1583,2,79100,COCONUT,10120.0,119,10119.0,79,,0,10121.0,119,10122.0,79,,0,10120.5,0.0,-4.940345331139181e-05,0.9956836,
1584,2,79200,COCONUT,10121.0,103,10120.0,49,,0,10122.0,103,10123.0,49,,0,10121.5,0.0,9.880446604215137e-05,0.9956832000000001,
1586,2,79300,COCONUT,10120.0,167,,0,,0,10122.0,127,10123.0,40,,0,10121.0,0.0,-4.9401012730768395e-05,0.9956828000000001,
1588,2,79400,COCONUT,10120.0,135,10119.0,50,,0,10122.0,185,,0,,0,10121.0,0.0,0.0,0.9956824000000001,
1591,2,79500,COCONUT,10120.0,107,10119.0,80,,0,10121.0,107,10122.0,80,,0,10120.5,0.0,-4.940345331139181e-05,0.9956820000000001,
1592,2,79600,COCONUT,10119.0,120,10118.0,75,,0,10120.0,120,10121.0,75,,0,10119.5,0.0,-9.88142293294366e-05,0.9956816,
1594,2,79700,COCONUT,10118.0,113,10117.0,80,,0,10120.0,193,,0,,0,10119.0,0.0,-4.9410776500433996e-05,0.9956812,
1596,2,79800,COCONUT,10120.0,107,10119.0,78,,0,10122.0,186,,0,,0,10121.0,0.0,0.00019762845914116873,0.9956807999999999,
1599,2,79900,COCONUT,10121.0,6,10120.0,192,,0,10122.0,135,10123.0,57,,0,10121.5,0.0,4.940101273076533e-05,0.9956803999999999,
1600,2,80000,COCONUT,10121.0,132,10120.0,72,,0,10122.0,132,10123.0,72,,0,10121.5,0.0,0.0,0.9956799999999999,
1602,2,80100,COCONUT,10120.0,184,,0,,0,10122.0,125,10123.0,59,,0,10121.0,0.0,-4.9401012730768395e-05,0.9956796,
1604,2,80200,COCONUT,10122.0,143,10121.0,46,,0,10123.0,143,10124.0,46,,0,10122.5,0.0,0.00014819571741509245,0.9956792,
1607,2,80300,COCONUT,10121.0,107,10120.0,63,,0,10123.0,170,,0,,0,10122.0,0.0,-4.9396132292885454e-05,0.9956788,
1608,2,80400,COCONUT,10121.0,146,10120.0,54,,0,10122.0,146,10123.0,54,,0,10121.5,0.0,-4.9398572391303284e-05,0.9956784,
1610,2,80500,COCONUT,10122.0,134,10121.0,61,,0,10123.0,134,10124.0,61,,0,10122.5,0.0,9.879470468411121e-05,0.995678,
1612,2,80600,COCONUT,10121.0,149,10120.0,78,,0,10122.0,149,10123.0,78,,0,10121.5,0.0,-9.879470468418832e-05,0.9956775999999999,
1615,2,80700,COCONUT,10122.0,200,,0,,0,10123.0,8,10124.0,134,10125.0,66,10122.5,0.0,9.879470468411121e-05,0.9956771999999999,
1616,2,80800,COCONUT,10122.0,143,10121.0,40,,0,10123.0,143,10124.0,40,,0,10122.5,0.0,0.0,0.9956767999999999,
1618,2,80900,COCONUT,10122.0,143,10121.0,59,,0,10124.0,202,,0,,0,10123.0,0.0,4.939369243563e-05,0.9956763999999999,
1620,2,81000,COCONUT,10121.0,167,,0,,0,10123.0,123,10124.0,44,,0,10122.0,0.0,-9.878982472839629e-05,0.995676,
1623,2,81100,COCONUT,10121.0,112,10120.0,57,,0,10123.0,164,,0,,0,10122.0,0.0,0.0,0.9956756,
1624,2,81200,COCONUT,10123.0,183,,0,,0,10125.0,132,10126.0,51,,0,10124.0,0.0,0.0001975698909913698,0.9956752,
1626,2,81300,COCONUT,10122.0,113,10121.0,41,,0,10124.0,154,,0,,0,10123.0,0.0,-9.878006626298096e-05,0.9956748,
1628,2,81400,COCONUT,10122.0,196,,0,,0,10124.0,129,10125.0,67,,0,10123.0,0.0,0.0,0.9956744,
1631,2,81500,COCONUT,10124.0,123,10123.0,77,,0,10125.0,123,10126.0,77,,0,10124.5,0.0,0.00014816644057243057,0.995674,
1632,2,81600,COCONUT,10124.0,144,10123.0,65,,0,10125.0,144,10126.0,65,,0,10124.5,0.0,0.0,0.9956735999999999,
1634,2,81700,COCONUT,10125.0,110,10124.0,59,,0,10126.0,110,10127.0,59,,0,10125.5,0.0,9.876543217902065e-05,0.9956731999999999,
1636,2,81800,COCONUT,10124.0,150,10123.0,80,,0,10126.0,230,,0,,0,10125.0,0.0,-4.9381496763149964e-05,0.9956728,
1639,2,81900,COCONUT,10125.0,125,10124.0,43,,0,10126.0,117,10127.0,43,,0,10125.5,0.0,4.938149676330292e-05,0.9956724,
1640,2,82000,COCONUT,10124.0,119,10123.0,48,,0,10126.0,167,,0,,0,10125.0,0.0,-4.9381496763149964e-05,0.995672,
1642,2,82100,COCONUT,10122.0,175,,0,,0,10124.0,112,10125.0,63,,0,10123.0,0.0,-0.0001975503759881442,0.9956716,
1644,2,82200,COCONUT,10121.0,180,,0,,0,10123.0,101,10124.0,79,,0,10122.0,0.0,-9.878982472839629e-05,0.9956712,
1647,2,82300,COCONUT,10123.0,130,10122.0,43,,0,10125.0,176,,0,,0,10124.0,0.0,0.0001975698909913698,0.9956708,
1648,2,82400,COCONUT,10122.0,110,10121.0,79,,0,10123.0,110,10124.0,79,,0,10122.5,0.0,-0.00014817375869850854,0.9956704,
1650,2,82500,COCONUT,10122.0,112,10121.0,75,,0,10124.0,187,,0,,0,10123.0,0.0,4.939369243563e-05,0.9956699999999999,
1652,2,82600,COCONUT,10123.0,142,10122.0,40,,0,10124.0,148,10125.0,40,,0,10123.5,0.0,4.939125281927467e-05,0.9956695999999999,
1655,2,82700,COCONUT,10123.0,123,10122.0,40,,0,10125.0,163,,0,,0,10124.0,0.0,4.9388813443819893e-05,0.9956692,
1656,2,82800,COCONUT,10123.0,145,10122.0,58,,0,10125.0,203,,0,,0,10124.0,0.0,0.0,0.9956688,
1658,2,82900,COCONUT,10124.0,191,,0,,0,10126.0,112,10127.0,79,,0,10125.0,0.0,9.877030972523354e-05,0.9956684,
1660,2,83000,COCONUT,10126.0,141,10125.0,73,,0,10127.0,141,10128.0,73,,0,10126.5,0.0,0.00014813717529505585,0.995668,
1663,2,83100,COCONUT,10127.0,105,10126.0,74,,0,10128.0,105,10129.0,74,,0,10127.5,0.0,9.874592681071318e-05,0.9956676,
1664,2,83200,COCONUT,10127.0,122,10126.0,49,,0,10128.0,122,10129.0,49,,0,10127.5,0.0,0.0,0.9956672,
1666,2,83300,COCONUT,10126.0,104,10125.0,57,,0,10128.0,161,,0,,0,10127.0,0.0,-4.937174456064478e-05,0.9956668,
1668,2,83400,COCONUT,10125.0,195,,0,,0,10127.0,116,10128.0,79,,0,10126.0,0.0,-9.875080243053276e-05,0.9956664,
1671,2,83500,COCONUT,10126.0,191,,0,,0,10128.0,136,10129.0,55,,0,10127.0,0.0,9.875080243053043e-05,0.995666,
1673,2,83600,COCONUT,10126.0,139,10125.0,74,,0,10127.0,139,10128.0,74,,0,10126.5,0.0,-4.937418225014429e-05,0.9956656,
1674,2,83700,COCONUT,10127.0,102,10126.0,51,,0,10128.0,102,10129.0,51,,0,10127.5,0.0,9.874592681071318e-05,0.9956652,
1677,2,83800,COCONUT,10125.0,108,10124.0,59,,0,10127.0,167,,0,,0,10126.0,0.0,-0.00014812254699109634,0.9956648,
1679,2,83900,COCONUT,10125.0,127,10124.0,47,,0,10127.0,127,10128.0,47,,0,10126.0,0.0,0.0,0.9956644,
1681,2,84000,COCONUT,10124.0,105,10123.0,56,,0,10126.0,161,,0,,0,10125.0,0.0,-9.876055511460441e-05,0.995664,
1682,2,84100,COCONUT,10124.0,170,,0,,0,10126.0,101,10127.0,69,,0,10125.0,0.0,0.0,0.9956636,
1685,2,84200,COCONUT,10122.0,216,,0,,0,10124.0,143,10125.0,73,,0,10123.0,0.0,-0.0001975503759881442,0.9956632,
1687,2,84300,COCONUT,10123.0,107,10122.0,55,,0,10124.0,107,10125.0,55,,0,10123.5,0.0,4.939125281927467e-05,0.9956628,
1689,2,84400,COCONUT,10123.0,117,10122.0,60,,0,10125.0,177,,0,,0,10124.0,0.0,4.9388813443819893e-05,0.9956624000000001,
1690,2,84500,COCONUT,10123.0,203,,0,,0,10124.0,8,10125.0,146,10126.0,57,10123.5,0.0,-4.9388813443804606e-05,0.995662,
1693,2,84600,COCONUT,10124.0,203,,0,,0,10126.0,136,10127.0,67,,0,10125.0,0.0,0.000148159123169084,0.9956616,
1695,2,84700,COCONUT,10124.0,180,,0,,0,10126.0,139,10127.0,41,,0,10125.0,0.0,0.0,0.9956612,
1697,2,84800,COCONUT,10125.0,109,10124.0,67,,0,10127.0,176,,0,,0,10126.0,0.0,9.876055511457316e-05,0.9956608,
1698,2,84900,COCONUT,10128.0,127,10127.0,42,,0,10129.0,127,10130.0,42,,0,10128.5,0.0,0.0002468587240065029,0.9956604,
1701,2,85000,COCONUT,10127.0,115,10126.0,62,,0,10128.0,115,10129.0,62,,0,10127.5,0.0,-9.87361770154054e-05,0.99566,
1703,2,85100,COCONUT,10125.0,225,,0,,0,10127.0,145,10128.0,80,,0,10126.0,0.0,-0.00014812254699109634,0.9956596,
1705,2,85200,COCONUT,10126.0,121,10125.0,76,,0,10127.0,121,10128.0,76,,0,10126.5,0.0,4.937662018027629e-05,0.9956592000000001,
1706,2,85300,COCONUT,10127.0,135,10126.0,58,,0,10128.0,135,10129.0,58,,0,10127.5,0.0,9.874592681071318e-05,0.9956588000000001,
1709,2,85400,COCONUT,10128.0,122,10127.0,47,,0,10129.0,122,10130.0,47,,0,10128.5,0.0,9.873617701548693e-05,0.9956584,
1711,2,85500,COCONUT,10127.0,200,,0,,0,10128.0,5,10129.0,132,10130.0,68,10127.5,0.0,-9.87361770154054e-05,0.995658,
1713,2,85600,COCONUT,10128.0,126,10127.0,43,,0,10129.0,126,10130.0,43,,0,10128.5,0.0,9.873617701548693e-05,0.9956576,
1714,2,85700,COCONUT,10126.0,103,10125.0,76,,0,10128.0,179,,0,,0,10127.0,0.0,-0.00014810792157606491,0.9956572,
1717,2,85800,COCONUT,10128.0,124,10127.0,59,,0,10130.0,183,,0,,0,10129.0,0.0,0.0001974723545121954,0.9956568,
1719,2,85900,COCONUT,10129.0,129,10128.0,76,,0,10130.0,138,10131.0,76,,0,10129.5,0.0,4.9361996209257276e-05,0.9956564,
1721,2,86000,COCONUT,10129.0,103,10128.0,43,,0,10131.0,146,,0,,0,10130.0,0.0,4.935955972283292e-05,0.995656,
1722,2,86100,COCONUT,10130.0,124,10129.0,78,,0,10132.0,202,,0,,0,10131.0,0.0,9.871181094832594e-05,0.9956556000000001,
1725,2,86200,COCONUT,10130.0,131,10129.0,41,,0,10131.0,131,10132.0,41,,0,10130.5,0.0,-4.9354687471480387e-05,0.9956552000000001,
1727,2,86300,COCONUT,10129.0,110,10128.0,61,,0,10131.0,181,,0,,0,10130.0,0.0,-4.9357123476868916e-05,0.9956548000000001,
1729,2,86400,COCONUT,10129.0,118,10128.0,63,,0,10130.0,118,10131.0,63,,0,10129.5,0.0,-4.935955972274956e-05,0.9956544,
1730,2,86500,COCONUT,10128.0,149,10127.0,74,,0,10130.0,223,,0,,0,10129.0,0.0,-4.936199620912231e-05,0.995654,
1733,2,86600,COCONUT,10128.0,125,10127.0,80,,0,10129.0,125,10130.0,80,,0,10128.5,0.0,-4.936443293609821e-05,0.9956536,
1735,2,86700,COCONUT,10129.0,124,10128.0,52,,0,10131.0,124,10132.0,52,,0,10130.0,0.0,0.00014808598886811007,0.9956532,
1737,2,86800,COCONUT,10130.0,143,10129.0,61,,0,10132.0,204,,0,,0,10131.0,0.0,9.871181094832594e-05,0.9956528,
1738,2,86900,COCONUT,10131.0,149,10130.0,51,,0,10132.0,149,10133.0,51,,0,10131.5,0.0,4.9352251706520906e-05,0.9956524,
1741,2,87000,COCONUT,10131.0,103,10130.0,72,,0,10132.0,112,10133.0,72,,0,10131.5,0.0,0.0,0.9956520000000001,
1743,2,87100,COCONUT,10133.0,129,10132.0,67,,0,10134.0,129,10135.0,67,,0,10133.5,0.0,0.00019738465398416727,0.9956516000000001,
1745,2,87200,COCONUT,10133.0,148,10132.0,52,,0,10134.0,148,10135.0,52,,0,10133.5,0.0,0.0,0.9956512000000001,
1746,2,87300,COCONUT,10133.0,112,10132.0,64,,0,10134.0,112,10135.0,64,,0,10133.5,0.0,0.0,0.9956508000000001,
1749,2,87400,COCONUT,10132.0,219,,0,,0,10134.0,145,10135.0,74,,0,10133.0,0.0,-4.934251105036495e-05,0.9956503999999999,
1750,2,87500,COCONUT,10132.0,126,10131.0,67,,0,10134.0,185,,0,,0,10133.0,0.0,0.0,0.9956499999999999,
1753,2,87600,COCONUT,10132.0,141,10131.0,59,,0,10133.0,141,10134.0,59,,0,10132.5,0.0,-4.934494585395912e-05,0.9956495999999999,
1754,2,87700,COCONUT,10133.0,133,10132.0,45,,0,10134.0,133,10135.0,45,,0,10133.5,0.0,9.868745690443223e-05,0.9956491999999999,
